=LDR  01425nab a2200457 u 4500
=001  9915590485907426
=005  20221120072033.0
=008  080319e200802\\xx\|||||o|||||||||||eng||
=016  7\$aIND44030604$2DNAL
=035  \\$aagid:5067606-01nal_inst
=040  \\$aAGL$beng$cAGL
=072  \0$a     W000   
=072  \0$a     F300   
=072  \0$a     K001   
=100  1\$aSolomon, A.
=245  10$aForests & Global Climate Change
=300  \\$ap. 1-2.
=500  \\$a2019-12-06
=650  \3$aelevated atmospheric gases
=650  \3$aglobal carbon budget
=650  \3$aglobal warming
=650  \3$abiogeochemical cycles
=650  \3$aforests
=651  \3$aSoutheastern United States
=653  \0$aclimate change
=773  0\$tCompass : recent publications of the Southern Research Station.$g2008 Feb., , no. 10 p.1-2$7nnas
=787  1\$oislandora_article_repository
=852  \\$aDNAL
=912  \\$aArticle
=914  \\$fCompass : recent publications of the Southern Research Station
=917  \\$aorphan
=930  \\$a20080610$b20080704$c00000000
=935  \\$aIND44030604$9ExL
=945  \\$aIND$dLYN$e2008/06/10
=946  \\$aUSDA
=952  \\$a20080610 20080704 00000000$bIND LYN 2008/06/10
=961  \\$aUSDA/FS
=974  \\$aagid:5067606
=984  \\$a2014-12-24
=985  \\$aConverted from MARCXML to MODS version 3.4 using MARC21slim2MODS3-4.xsl (Revision 1.95 2014/04/23)
=986  \\$a4030604

