=LDR  04708nab a2200685 u 4500
=001  9915591173607426
=005  20221121032558.0
=008  210820e202108\\xx\|||||o|||||||||||eng||
=016  7\$aIND607478324$2DNAL
=024  7\$a10.1111/acv.12671$2doi
=035  \\$aagid:7478324-01nal_inst
=040  \\$aAGL$beng$cAGL
=100  1\$aDar, S. A.$eauthor$uWildlife Institute of India, Dehradun, India$1https://orcid.org/0000-0003-4405-4038
=245  10$aProjected climate change threatens Himalayan brown bear habitat more than human land use
=300  \\$ap. 659-676.
=500  \\$aJOURNAL ARTICLE
=520  \\$aClimate change and land use change jointly are the largest drivers of population declines, range contraction and extinction for many species across the globe. Wide‐ranging and large‐bodied species are especially vulnerable to habitat loss and fragmentation due to their typically low population densities, reflecting their need for extensive and connected habitats. We used the multi‐scale Random Forests machine learning algorithm to identify factors driving the habitat selection and future changes in habitat of Himalayan brown bear, an iconic wide‐ranging and large‐bodied species of high conservation interest, across a range of spatial scales. Habitat selection of brown bears was scale‐dependent, with most variables selected at broad scales. Climatic variables such as maximum temperature of coldest month, minimum temperature of warmest month and the potential evapotranspiration of wettest quarter strongly influenced habitat selection of brown bears. Future projections indicate a strong difference between the high and low emission scenarios. Alarmingly, our model suggests that high emission scenarios, with or without land use change, may result in a decline of brown bear habitat of >90% by the end of the century. In contrast, low emission scenarios are projected to reduce brown bear habitat by <23%, with much of the species range shifting to higher elevations. This study provides an integrative understanding of scale‐dependent variables in brown bear habitat selection, providing critical information for prioritizing areas for habitat management and conservation. Most importantly, our future projections imply that traditional conservation efforts, such as in situ conservation, will not be sufficient to protect the species without climate change mitigation. The incorporation of climate change mitigation and adaptation in conservation strategies will be one of the most pressing priorities in biodiversity conservation in this region.
=592  \\$aPublisher supplied data
=593  \\$aPubAg article
=596  \\$cDepartment of Science and Technology, Government of India and The Council of Scientific and Industrial Research
=650  \3$aUrsus arctos
=650  \3$aalgorithms
=650  \3$abiodiversity conservation
=650  \3$aclimate change
=650  \3$aevapotranspiration
=650  \3$aextinction
=650  \3$ahabitat conservation
=650  \3$ahabitat destruction
=650  \3$ahabitat preferences
=650  \3$ahabitats
=650  \3$ahumans
=650  \3$aland use change
=650  \3$amodels
=650  \3$atemperature
=700  1\$aSingh, S. K.$eauthor$uWildlife Institute of India, Dehradun, India$1https://orcid.org/0000-0002-3671-1328
=700  1\$aWan, H. Y.$eauthor$uDepartment of Wildlife, Humboldt State University, Arcata, CA, USA$1https://orcid.org/0000-0002-2146-8257
=700  1\$aKumar, V.$eauthor$uWildlife Institute of India, Dehradun, India
=700  1\$aCushman, S. A.$eauthor$uUSDA Forest Service Rocky Mountain Research Station, Flagstaff, AZ, USA
=700  1\$aSathyakumar, S.$eauthor$uWildlife Institute of India, Dehradun, India$1https://orcid.org/0000-0003-2027-4706
=773  0\$tAnimal conservation.$g2021 Aug., v. 24, no. 4 p.659-676$dJohn Wiley & Sons, Ltd$wJournal:jnl3774058$x1367-9430$7nnas
=787  1\$oislandora_article_repository
=787  1\$oproduct_pubag
=787  1\$o(Journal)jnl3774058
=856  40$uhttp://dx.doi.org/10.1111/acv.12671$3Available from publisher's site
=912  \\$aArticle
=914  \\$aJournal:jnl3774058$b1367-9430$c24$d4$e659
=914  \\$fAnimal conservation
=916  \\$aBatch:10185
=917  \\$aissued
=918  2\$aJohn Wiley & Sons, Inc$eprovider$5DNAL
=935  \\$aIND607478324$9ExL
=949  \\$a2022-02-22
=952  \\$dNAL-AP-2-clean
=953  \\$a/data/metadata/incoming/wiley/13679430_2021_24_4.xml
=954  \\$afile:/data/metadata/staging/wiley/13679430_2021_24_4.xml
=955  \\$a/data/metadata/staging/wiley/
=961  \\$aUSDA/FS
=974  \\$aagid:7478324
=983  \\$a2021-08-20
=984  \\$a2022-02-18

