=LDR  03754nab a2200781 u 4500
=001  9915591750507426
=005  20221117161402.0
=008  080502e200805\\xx\|||||o|||||||||||eng||
=016  7\$aIND44051781$2DNAL
=024  7\$a10.1111/j.1365-2486.2008.01561.x$2doi
=024  7\$a10113/32331$2hdl
=035  \\$aagid:32331-01nal_inst
=040  \\$aAGL$beng$cAGL
=072  \0$aF821
=072  \0$aL300
=072  \0$aL001
=072  \0$aL600
=072  \0$aB200
=100  1\$aTOBIN, PATRICK C.
=245  10$aHistorical and projected interactions between climate change and insect voltinism in a multivoltine species
=300  \\$ap. 951-957.
=500  \\$aIncludes references
=500  \\$a2019-12-05
=520  \\$aClimate change can cause major changes to the dynamics of individual species and to those communities in which they interact. One effect of increasing temperatures is on insect voltinism, with the logical assumption that increases in surface temperatures would permit multivoltine species to increase the number of generations per year. Though insect development is primarily driven by temperature, most multivoltine insect species rely on photoperiodic cues, which do not change from year-to-year or in response to climate warming, to initiate diapause. Thus, the relationship between climate change and voltinism could be complex. We use a phenology model for grape berry moth, Paralobesia viteana (Clemens), which incorporates temperature-dependent development and diapause termination, and photoperiod-dependent diapause induction, to explore historical patterns in year-to-year voltinism fluctuations. We then extend this model to predict voltinism under varying scenarios of climate change to show the importance of both the quality and quantity of accumulated heat units. We also illustrate that increases in mean surface temperatures > 2 °C can have dramatic effects on insect voltinism by causing a shift in the ovipositional period that currently is subject to diapause-inducing photoperiods.
=593  \\$aPubAg article
=593  \\$cUSDA submission
=650  \3$aprediction
=650  \3$aoviposition
=650  \3$amultivoltine habit
=650  \3$aphenology
=650  \3$amodels
=650  \3$adiapause
=650  \3$aglobal warming
=650  \3$asurface temperature
=650  \3$aseasonal variation
=650  \3$ainsect development
=650  \3$aheat sums
=650  \3$apopulation dynamics
=650  \3$aEndopiza viteana
=650  \3$aphotoperiodism
=653  \0$aclimate change
=653  \0$aphenology model
=700  1\$aNAGARKATTI, SUDHA
=700  1\$aLOEB, GREG
=700  1\$aSAUNDERS, MICHAEL C.
=773  0\$tGlobal change biology.$g2008 May, v.  14, no.  5 p.951-957$dBlackwell Publishing Ltd$x1354-1013$7nnas
=787  1\$oproduct_pubag
=787  1\$oislandora_article_repository
=787  1\$oislandora_pubag_with_text
=787  1\$o(Journal)jnl57021
=852  \\$aDNAL
=856  40$uhttp://dx.doi.org/10.1111/j.1365-2486.2008.01561.x$3Available from publisher's Web site
=856  40$uhttps://handle.nal.usda.gov/10113/32331$3Available in the National Agricultural Library PubAg search system
=912  \\$aArticle
=914  \\$aJournal:jnl57021$b1354-1013$c14$d5$e951
=914  \\$fGlobal change biology
=917  \\$aissued
=930  \\$a20090818$b20091002$c00000000
=935  \\$aIND44051781$9ExL
=945  \\$aIND$dNZM$e2009/08/18
=946  \\$aNon-US
=949  \\$a2014-07-17
=952  \\$a20090818 20091002 00000000$bIND NZM 2009/08/18
=961  \\$aUSDA/FS
=974  \\$aagid:32331
=984  \\$a2009-10-03
=985  \\$aConverted from MARCXML to MODS version 3.4 using MARC21slim2MODS3-4.xsl (Revision 1.95 2014/04/23)
=986  \\$a4051781

