=LDR  03696nab a2200817 u 4500
=001  9915594345307426
=005  20221122024354.0
=008  080506e200711\\xx\|||||o|||||||||||eng||
=016  7\$aIND44052949$2DNAL
=024  7\$a10.1890/1540-9295(2007)5[499:FFACCI]2.0.CO;2$2doi
=024  7\$a10113/15347$2hdl
=035  \\$aagid:15347-01nal_inst
=040  \\$aAGL$beng$cAGL
=072  \0$aK810
=072  \0$aB200
=072  \0$aJ400
=100  1\$aGavin, D.G.
=245  10$aForest fire and climate change in western North America: insights from sediment charcoal records
=300  \\$ap. 499-506.
=500  \\$aIncludes references
=500  \\$a2019-12-04
=520  \\$aMillennial-scale records of forest fire provide important baseline information for ecosystem management, especially in regions with too few recent fires to describe the historical range of variability. Charcoal records from lake sediments and soil profiles are well suited for reconstructing the incidence of past fire and its relationship to changing climate and vegetation. We highlight several records from western North America and their relevance in reconstructing historical forest dynamics, fire-climate relationships, and feedbacks between vegetation and fire under climate change. Climatic effects on fire regimes are evident in many regions, but comparisons of paleo-fire records sometimes show a lack of synchrony, indicating that local factors substantially affect fire occurrence, even over long periods. Furthermore, the specific impacts of vegetation change on fire regimes differ among regions with different vegetation histories. By documenting the effects on fire patterns of major changes in climate and vegetation, paleo-fire records can be used to test the mechanistic models required for the prediction of future variations in fire.
=593  \\$aPubAg article
=593  \\$cUSDA submission
=650  \3$asoil profiles
=650  \3$asediments
=650  \3$ahistory
=650  \3$apaleoecology
=650  \3$abotanical composition
=650  \3$aclimate change
=650  \3$afire regime
=650  \3$acharcoal
=650  \3$aforest fires
=650  \3$aforests
=651  \3$aNorthwestern United States
=651  \3$aBritish Columbia
=651  \3$aAlaska
=653  \0$afire ecology
=653  \0$afire frequency
=653  \0$avegetation
=700  1\$aHallett, D.J.
=700  1\$aHu, F.S.
=700  1\$aLertzman, K.P.
=700  1\$aPrichard, S.J.
=700  1\$aBrown, K.J.
=700  1\$aLynch, J.A.
=700  1\$aBartlein, P.
=700  1\$aPeterson, D.L.
=773  0\$tFrontiers in ecology and the environment.$g2007 Nov., v.  5, no.  9 p.499-506$x1540-9295$7nnas
=787  1\$oproduct_pubag
=787  1\$oislandora_article_repository
=787  1\$oislandora_pubag_with_text
=787  1\$o(Journal)12355
=852  \\$aDNAL
=856  40$uhttp://dx.doi.org/10.1890/1540-9295(2007)5%5B499:FFACCI%5D2.0.CO;2$3Available from publisher's Web site
=856  40$uhttps://handle.nal.usda.gov/10113/15347$3Available in the National Agricultural Library PubAg search system
=912  \\$aArticle
=914  \\$aJournal:12355$b1540-9295$c5$d9$e499
=914  \\$fFrontiers in ecology and the environment
=917  \\$aissued
=930  \\$a20080528$b20080606$c00000000
=935  \\$aIND44052949$9ExL
=945  \\$aIND$dLYN$e2008/05/28
=946  \\$aOther US
=949  \\$a2014-07-17
=952  \\$a20080528 20080606 00000000$bIND LYN 2008/05/28
=961  \\$aUSDA/FS
=974  \\$aagid:15347
=984  \\$a2010-02-13
=985  \\$aConverted from MARCXML to MODS version 3.4 using MARC21slim2MODS3-4.xsl (Revision 1.95 2014/04/23)
=986  \\$a4052949

