=LDR  04860nab a2200661 u 4500
=001  9915594510307426
=005  20221117161646.0
=008  190816e201901\\xx\|||||o|||||||||||eng||
=016  7\$aIND606311971$2DNAL
=024  7\$a10.1007/s10980-018-0743-8$2doi
=035  \\$aagid:6311971-01nal_inst
=040  \\$aAGL$beng$cAGL
=100  1\$aErgüner, Yasemin$eauthor$uClimate Change Science Institute, Computational Earth Sciences Group, Oak Ridge National Laboratory (ORNL), Oak Ridge, TN, 37831-6301, USA. yasebaytok@gmail.com$1https://orcid.org/0000-0002-8144-5620
=245  10$aMapping ecoregions under climate change: a case study from the biological 'crossroads' of three continents, Turkey
=300  \\$ap. 35-50.
=520  \\$aCONTEXT: Besides climate change vulnerability, most ecosystems are under threat from a history of improper land-use and conservation policies, yet there is little existing long-term ecological research infrastructure in Turkey. In regions with no ecological networks across large landscapes, ecoregion concept offers opportunities for characterizing the landscape under changing climate. OBJECTIVES: Aim is to develop contemporary and future quantitative ecoregions for Turkey based on climate model outputs, to identify climate change-sensitive areas of biodiversity and conservation significance, and to provide a framework for a comprehensive ecological observatory network design. METHODS: Using Multivariate Spatio-Temporal Clustering and climate data contemporary and projected future distributions of Turkey's ecoregions are delineated at several division levels. RESULTS: Turkey's contemporary ecoregions generally show a northward shift by the end of this century and the lengthening of the growing season across the country, especially eastward and northward. The increase in growing season length, along with the shift in precipitation seasonality and increasing growing season precipitation, shape future conditions within the climate change-sensitive areas. Apart from transboundary ecological and socioeconomic significance, these potentially vulnerable ecosystems also constitute the majority of Turkey's biodiversity hotspots. CONCLUSIONS: Our study marks the first 'ecoregionalization' study for Turkey based on both contemporary and future climate scenarios. For countries like Turkey, where large-scale ecological networks have not been established, using such quantitative methodology for delineation of optimal ecoclimatic regions, and for mapping environments at risk from climate change provides an invaluable perspective for conservation planning strategies, and a framework for a comprehensive ecological observatory network design.
=592  \\$aPublisher supplied data
=593  \\$aPubAg article
=650  \3$abiodiversity
=650  \3$acase studies
=650  \3$aclimate
=650  \3$aclimate change
=650  \3$aclimate models
=650  \3$aecoregions
=650  \3$aecosystems
=650  \3$agrowing season
=650  \3$ainfrastructure
=650  \3$aissues and policy
=650  \3$aland use
=650  \3$alandscapes
=650  \3$ameteorological data
=650  \3$aplanning
=650  \3$arisk
=651  \3$aTurkey (country)
=700  1\$aKumar, Jitendra$eauthor$uTerrestrial Systems Modeling Group, Environmental Sciences Division, Oak Ridge National Laboratory, Oak Ridge, Tennessee, USA
=700  1\$aHoffman, Forrest M.$eauthor$uClimate Change Science Institute, Computational Earth Sciences Group, Oak Ridge National Laboratory (ORNL), Oak Ridge, TN, 37831-6301, USA$1https://orcid.org/0000-0001-5802-4134
=700  1\$aDalfes, H. Nüzhet$eauthor$uEurasia Institute of Earth Sciences, Istanbul Technical University, Sarıyer Maslak, 34469, Istanbul, Turkey
=700  1\$aHargrove, William W.$eauthor$uSouthern Research Station, Eastern Forest Environmental Threat Assessment Center, USDA Forest Service, 200 WT Weaver Boulevard, Asheville, NC, 28804-3454, USA
=773  0\$tLandscape ecology.$g2019 Jan., v. 34, no. 1 p.35-50$dSpringer Netherlands$wJournal:jnl3870067$x0921-2973$7nnas
=787  1\$oislandora_article_repository
=787  1\$oproduct_pubag
=787  1\$o(Journal)jnl3870067
=856  40$uhttps://dx.doi.org/10.1007/s10980-018-0743-8$3Available from publisher's site
=912  \\$aArticle
=914  \\$aJournal:jnl3870067$b0921-2973$c34$d1$e35
=914  \\$fLandscape ecology
=916  \\$aBatch:2159
=917  \\$aissued
=918  2\$aSpringer$eprovider$5DNAL
=935  \\$aIND606311971$9ExL
=949  \\$a2019-08-16
=953  \\$a/data/metadata/incoming/springer/ftp_PUB_19-08-15_06-17-54.zip
=954  \\$afile:/data/metadata/staging/springer/10980-34-1.xml
=955  \\$a/data/metadata/staging/springer/
=961  \\$aUSDA/FS
=974  \\$aagid:6311971
=983  \\$a2019-08-16
=984  \\$a2019-08-16

