=LDR  01868nab a2200613 u 4500
=001  9915594768507426
=005  20221122045617.0
=008  080523e200701\\xx\|||||o|||||||||||eng||
=016  7\$aIND44059127$2DNAL
=024  7\$a10113/15373$2hdl
=035  \\$aagid:15373-01nal_inst
=040  \\$aAGL$beng$cAGL
=072  \0$aB200
=072  \0$aF600
=072  \0$aJ200
=072  \0$aF300
=100  1\$aHuxman, T.E.
=245  10$aClimate Change, Vegetation Dynamics, and the Landscape Water Balance
=300  \\$ap. 28-30.
=500  \\$aIncludes references
=500  \\$a2019-12-04
=593  \\$aPubAg article
=594  \\$aEmbargoed article
=650  \3$acarbon dioxide
=650  \3$agreenhouse gases
=650  \3$aevapotranspiration
=650  \3$asoil-plant-atmosphere interactions
=650  \3$aclimate change
=650  \3$aelevated atmospheric gases
=650  \3$aplant-water relations
=650  \3$acarbon sequestration
=650  \3$aplant response
=650  \3$aplant ecology
=653  \0$awater use
=653  \0$awater balance
=700  1\$aScott, R.L.
=773  0\$tSouthwest hydrology.$g2007 , v.  6, no.  1 p.28-30$7nnas
=787  1\$oproduct_pubag
=787  1\$oislandora_article_repository
=856  40$uhttps://handle.nal.usda.gov/10113/15373$3Available in the National Agricultural Library PubAg search system
=912  \\$aArticle
=914  \\$fSouthwest hydrology
=917  \\$aissued
=930  \\$a20100712$b20100807$c00000000
=935  \\$aIND44059127$9ExL
=945  \\$aIND$dGAY$e2008/05/27
=946  \\$aNon-US
=949  \\$a2014-07-17
=952  \\$a20100712 20100807 00000000$bIND GAY 2008/05/27
=961  \\$aUSDA/ARS
=974  \\$aagid:15373
=984  \\$a2010-08-07
=985  \\$aConverted from MARCXML to MODS version 3.4 using MARC21slim2MODS3-4.xsl (Revision 1.95 2014/04/23)
=986  \\$a4059127

