=LDR  05518nab a2200997 u 4500
=001  9915597012007426
=005  20221207105903.0
=008  161029e201412\\xx\|||||o|||||||||||eng||
=016  7\$aIND500896186$2DNAL
=024  7\$aPMC4022269$2pmcid
=024  7\$a24766735$2pmid
=024  7\$a10.1186/1756-3305-7-199$2doi
=035  \\$aagid:356379-01nal_inst
=040  \\$aAGL$beng$cAGL
=100  1\$aFeria-Arroyo, Teresa P$eauthor
=245  10$aImplications of climate change on the distribution of the tick vector Ixodes scapularis and risk for Lyme disease in the Texas-Mexico transboundary region
=300  \\$ap. 199.
=506  \\$aResource is Open Access$uhttp://purl.org/eprint/accessRights/OpenAccess
=520  \\$aBACKGROUND: Disease risk maps are important tools that help ascertain the likelihood of exposure to specific infectious agents. Understanding how climate change may affect the suitability of habitats for ticks will improve the accuracy of risk maps of tick-borne pathogen transmission in humans and domestic animal populations. Lyme disease (LD) is the most prevalent arthropod borne disease in the US and Europe. The bacterium Borrelia burgdorferi causes LD and it is transmitted to humans and other mammalian hosts through the bite of infected Ixodes ticks. LD risk maps in the transboundary region between the U.S. and Mexico are lacking. Moreover, none of the published studies that evaluated the effect of climate change in the spatial and temporal distribution of I. scapularis have focused on this region. METHODS: The area of study included Texas and a portion of northeast Mexico. This area is referred herein as the Texas-Mexico transboundary region. Tick samples were obtained from various vertebrate hosts in the region under study. Ticks identified as I. scapularis were processed to obtain DNA and to determine if they were infected with B. burgdorferi using PCR. A maximum entropy approach (MAXENT) was used to forecast the present and future (2050) distribution of B. burgdorferi-infected I. scapularis in the Texas-Mexico transboundary region by correlating geographic data with climatic variables. RESULTS: Of the 1235 tick samples collected, 109 were identified as I. scapularis. Infection with B. burgdorferi was detected in 45% of the I. scapularis ticks collected. The model presented here indicates a wide distribution for I. scapularis, with higher probability of occurrence along the Gulf of Mexico coast. Results of the modeling approach applied predict that habitat suitable for the distribution of I. scapularis in the Texas-Mexico transboundary region will remain relatively stable until 2050. CONCLUSIONS: The Texas-Mexico transboundary region appears to be part of a continuum in the pathogenic landscape of LD. Forecasting based on climate trends provides a tool to adapt strategies in the near future to mitigate the impact of LD related to its distribution and risk for transmission to human populations in the Mexico-US transboundary region.
=592  \\$aPublisher supplied data
=593  \\$aPubAg article
=506  0\$fUnrestricted online access$2star
=650  \3$aBorrelia burgdorferi
=650  \3$aDNA
=650  \3$aIxodes scapularis
=650  \3$aLyme disease
=650  \3$abacteria
=650  \3$aclimate
=650  \3$aclimate change
=650  \3$adomestic animals
=650  \3$ahabitats
=650  \3$ahosts
=650  \3$ahumans
=650  \3$alandscapes
=650  \3$amodels
=650  \3$apathogens
=650  \3$apolymerase chain reaction
=650  \3$arisk
=650  \3$aticks
=650  \2$aAnimal Distribution
=650  \2$aAnimals
=650  \2$aArthropod Vectors$xmicrobiology$xphysiology
=650  \2$aBorrelia burgdorferi$xisolation & purification
=650  \2$aClimate Change
=650  \2$aDNA, Bacterial$xisolation & purification
=650  \2$aIxodes$xphysiology
=650  \2$aLyme Disease$xepidemiology$xtransmission
=650  \2$aPhylogeny
=650  \2$aRisk Factors
=651  \3$aEurope
=651  \3$aGulf of Mexico
=651  \3$aMexico
=651  \3$aTexas
=651  \0$aMexico$xepidemiology
=651  \0$aTexas$xepidemiology
=700  1\$aCastro-Arellano, Ivan$eauthor
=700  1\$aGordillo-Perez, Guadalupe$eauthor
=700  1\$aCavazos, Ana L$eauthor
=700  1\$aVargas-Sandoval, Margarita$eauthor
=700  1\$aGrover, Abha$eauthor
=700  1\$aTorres, Javier$eauthor
=700  1\$aMedina, Raul F$eauthor
=700  1\$ade León, Adalberto A Pérez$eauthor
=700  1\$aEsteve-Gassent, Maria D$eauthor
=773  0\$tParasites & vectors.$g2014 Dec., v. 7, no. 1 p.199-199$dBioMed Central$x1756-3305$7nnas
=787  1\$oislandora_article_repository
=787  1\$oproduct_pubag
=787  1\$o(Journal)jnl4347486
=856  40$uhttp://dx.doi.org/10.1186/1756-3305-7-199$3Available from publisher's site
=912  \\$aArticle
=914  \\$aJournal:jnl4347486$b1756-3305$c7$d1$e1393
=914  \\$fParasites & vectors
=916  \\$aBatch:784
=917  \\$aissued
=918  2\$aSpringer$eprovider$5DNAL
=935  \\$aIND500896186$9ExL
=949  \\$a2015-02-24
=953  \\$aftp_PUB_16-09-15_06-22-04.zip
=961  \\$aUSDA/ARS
=962  \\$aJournal title changed from 'Parasites Vectors'
=962  \\$aBatch:784 annotated on 2015-01-29T15:03:33Z
=962  \\$aBatch:784 reviewed on 2015-02-24T04:00:03Z
=962  \\$aBatch:784 reviewed on 2015-02-24T11:00:02Z
=974  \\$aagid:356379
=983  \\$a2016-10-29
=984  \\$a2016-10-29

