=LDR  04584nab a2200853 u 4500
=001  9915598433207426
=005  20221118211052.0
=008  080626s2008\\\\xx\|||||||||||||||||eng||
=016  7\$aIND44071756$2DNAL
=024  7\$a10.1186/1476-072X-7-24$2doi
=024  7\$a10113/16511$2hdl
=035  \\$aagid:16511-01nal_inst
=040  \\$aAGL$beng$cAGL
=072  \0$aL821
=072  \0$aL832
=072  \0$aL700
=072  \0$aL001
=072  \0$aB200
=100  1\$aOgden, N.H.
=245  10$aRisk maps for range expansion of the Lyme disease vector, Ixodes scapularis, in Canada now and with climate change
=500  \\$aIncludes references
=520  \\$aBackground: Lyme disease is the commonest vector-borne zoonosis in the temperate world, and an emerging infectious disease in Canada due to expansion of the geographic range of the tick vector Ixodes scapularis. Studies suggest that climate change will accelerate Lyme disease emergence by enhancing climatic suitability for I. scapularis. Risk maps will help to meet the public health challenge of Lyme disease by allowing targeting of surveillance and intervention activities. Results: A risk map for possible Lyme endemicity was created using a simple risk algorithm for occurrence of I. scapularis populations. The algorithm was calculated for each census sub-division in central and eastern Canada from interpolated output of a temperature-driven simulation model of I. scapularis populations and an index of tick immigration. The latter was calculated from estimates of tick dispersion distances by migratory birds and recent knowledge of the current geographic range of endemic I. scapularis populations. The index of tick immigration closely predicted passive surveillance data on I. scapularis occurrence, and the risk algorithm was a significant predictor of the occurrence of I. scapularis populations in a prospective field study. Risk maps for I. scapularis occurrence in Canada under future projected climate (in the 2020s, 2050s and 2080s) were produced using temperature output from the Canadian Coupled Global Climate Model 2 with greenhouse gas emission scenario enforcing 'A2' of the Intergovernmental Panel on Climate Change. Conclusion: We have prepared risk maps for the occurrence of I. scapularis in eastern and central Canada under current and future projected climate. Validation of the risk maps provides some confidence that they provide a useful first step in predicting the occurrence of I. scapularis populations, and directing public health objectives in minimizing risk from Lyme disease. Further field studies are needed, however, to continue validation and refinement of the risk maps.
=593  \\$aPubAg article
=650  \3$aIxodes scapularis
=650  \3$aticks
=650  \3$ageographical distribution
=650  \3$adisease vectors
=650  \3$aLyme disease
=650  \3$adisease surveillance
=650  \3$aclimate change
=650  \3$atemperature
=650  \3$asimulation models
=650  \3$aclimate models
=650  \3$arisk assessment
=650  \3$aalgorithms
=650  \3$aprediction
=651  \3$aCanada
=653  \0$atick immigration
=653  \0$arisk algorithms
=700  1\$aSt-Onge, L.
=700  1\$aBarker, I.K.
=700  1\$aBrazeau, S.
=700  1\$aBigras-Poulin, M.
=700  1\$aCharron, D.F.
=700  1\$aFrancis, C.M.
=700  1\$aHeagy, A.
=700  1\$aLindsay, L.R.
=700  1\$aMaarouf, A.
=700  1\$aMichel, P.
=700  1\$aMilord, F.
=700  1\$aO'Callaghan, C.J.
=700  1\$aTrudel, L.
=700  1\$aThompson, A.
=773  0\$tInternational journal of health geographics.$g2008, v.  7, no.  24$7nnas
=787  1\$oproduct_pubag
=787  1\$oislandora_pubag_with_text
=787  1\$oislandora_article_repository
=852  \\$aDNAL
=856  40$uhttps://handle.nal.usda.gov/10113/16511$3Available in the National Agricultural Library PubAg search system
=856  40$uhttp://dx.doi.org/10.1186/1476-072X-7-24$3Available from publisher's Web site
=912  \\$aArticle
=914  \\$fInternational journal of health geographics
=917  \\$aissued
=930  \\$a20080709$b20080801$c00000000
=935  \\$aIND44071756$9ExL
=945  \\$aIND$dNZM$e2008/07/03
=946  \\$aNon-US
=949  \\$a2016-09-13
=952  \\$a20080709 20080801 00000000$bIND NZM 2008/07/03
=961  \\$aUSDA/APHIS
=974  \\$aagid:16511
=984  \\$a2008-08-02
=985  \\$aConverted from MARCXML to MODS version 3.4 using MARC21slim2MODS3-4.xsl (Revision 1.95 2014/04/23)
=986  \\$a4071756

