=LDR  04170nab a2200673 u 4500
=001  9915598434807426
=005  20221118212106.0
=008  080606e200807\\xx\|||||o|||||||||||eng||
=016  7\$aIND44064376$2DNAL
=024  7\$a10.1111/j.1365-2486.2008.01599.x$2doi
=024  7\$a10113/16484$2hdl
=035  \\$aagid:16484-01nal_inst
=040  \\$aAGL$beng$cAGL
=072  \0$aF300
=072  \0$aB200
=100  1\$aPolley, H. Wayne
=245  10$aInterannual variability in carbon dioxide fluxes and flux-climate relationships on grazed and ungrazed northern mixed-grass prairie
=300  \\$ap. 1620-1632.
=500  \\$aIncludes references
=500  \\$a2019-12-04
=520  \\$aThe annual carbon (C) budget of grasslands is highly dynamic, dependent on grazing history and on effects of interannual variability (IAV) in climate on carbon dioxide (CO₂) fluxes. Variability in climatic drivers may directly affect fluxes, but also may indirectly affect fluxes by altering the response of the biota to the environment, an effect termed 'functional change'. We measured net ecosystem exchange of CO₂ (NEE) and its diurnal components, daytime ecosystem CO₂ exchange (PD) and night-time respiration (RE), on grazed and ungrazed mixed-grass prairie in North Dakota, USA, for five growing seasons. Our primary objective was to determine how climatic anomalies influence variability in CO₂ exchange. We used regression analysis to distinguish direct effects of IAV in climate on fluxes from functional change. Functional change was quantified as the improvement in regression on fitting a model in which slopes of flux-climate relationships vary among years rather than remain invariant. Functional change and direct effects of climatic variation together explained about 20% of variance in weekly means of NEE, PD, and RE. Functional change accounted for more than twice the variance in fluxes of direct effects of climatic variability. Grazing did not consistently influence the contribution of functional change to flux variability, but altered which environmental variable best explained year-to-year differences in flux-climate slopes, reduced IAV in seasonal means of fluxes, lessened the strength of flux-climate correlations, and increased NEE by reducing RE relatively more than PD. Most of these trends are consistent with the interpretation that grazing reduced the influence of plants on ecosystem fluxes. Because relationships between weekly values of fluxes and climatic regulators changed annually, year-to-year differences in the C balance of these ecosystems cannot be predicted from knowledge of IAV in climate alone.
=593  \\$aPubAg article
=593  \\$cUSDA submission
=650  \3$atemporal variation
=650  \3$acarbon dioxide
=650  \3$agas exchange
=650  \3$agrazing
=650  \3$aclimatic factors
=650  \3$aregression analysis
=650  \3$aecosystems
=650  \3$aprairies
=651  \3$aNorth Dakota
=653  \0$agrasslands
=700  1\$aFrank, A.B.
=700  1\$aSanabria, J.
=700  1\$aPhillips, R.L.
=773  0\$tGlobal change biology.$g2008 July, v.  14, no.  7 p.1620-1632$dBlackwell Publishing Ltd$x1354-1013$7nnas
=787  1\$oproduct_pubag
=787  1\$oislandora_article_repository
=787  1\$oislandora_pubag_with_text
=787  1\$o(Journal)jnl57021
=852  \\$aDNAL
=856  40$uhttp://dx.doi.org/10.1111/j.1365-2486.2008.01599.x$3Available from publisher's Web site
=856  40$uhttps://handle.nal.usda.gov/10113/16484$3Available in the National Agricultural Library PubAg search system
=912  \\$aArticle
=914  \\$aJournal:jnl57021$b1354-1013$c14$d7$e1620
=914  \\$fGlobal change biology
=917  \\$aissued
=930  \\$a20080702$b20080801$c00000000
=935  \\$aIND44064376$9ExL
=945  \\$aIND$dGAY$e2008/07/02
=946  \\$aNon-US
=949  \\$a2014-07-17
=952  \\$a20080702 20080801 00000000$bIND GAY 2008/07/02
=961  \\$aUSDA/ARS
=974  \\$aagid:16484
=984  \\$a2008-08-02
=985  \\$aConverted from MARCXML to MODS version 3.4 using MARC21slim2MODS3-4.xsl (Revision 1.95 2014/04/23)
=986  \\$a4064376

