=LDR  04604nab a2200841 u 4500
=001  9915598575007426
=005  20221118211732.0
=008  080516e200806\\xx\|||||o|||||||||||eng||
=016  7\$aIND44057991$2DNAL
=024  7\$a10.1007/s11027-007-9125-2$2doi
=024  7\$a10113/16476$2hdl
=035  \\$aagid:16476-01nal_inst
=040  \\$aAGL$beng$cAGL
=072  \0$aB200
=072  \0$aL100
=072  \0$aF100
=072  \0$aF821
=072  \0$aF900
=072  \0$aF830
=100  1\$aWolfe, David W.
=245  10$aProjected change in climate thresholds in the Northeastern U.S.: implications for crops, pests, livestock, and farmers
=300  \\$ap. 555-575.
=500  \\$aIncludes references
=520  \\$aMost prior climate change assessments for U.S. agriculture have focused on major world food crops such as wheat and maize. While useful from a national and global perspective, these results are not particularly relevant to the Northeastern U.S. agriculture economy, which is dominated by dairy milk production, and high-value horticultural crops such as apples (Malus domestica), grapes (Vitis vinifera), sweet corn (Zea mays var. rugosa), cabbage (Brassica oleracea var. capitata), and maple syrup (sugar maple, Acer saccharum). We used statistically downscaled climate projections generated by the HadCM3 atmosphere-ocean general circulation model, run with Intergovernmental Panel on Climate Change future emissions scenarios A1fi (higher) and B1 (lower), to evaluate several climate thresholds of direct relevance to agriculture in the region. A longer (frost-free) growing season could create new opportunities for farmers with enough capital to take risks on new crops (assuming a market for new crops can be developed). However, our results indicate that many crops will have yield losses associated with increased frequency of high temperature stress, inadequate winter chill period for optimum fruiting in spring, increased pressure from marginally over-wintering and/or invasive weeds, insects, or disease, or other factors. Weeds are likely to benefit more than cash crops from increasing atmospheric carbon dioxide. Projections of thermal heat index values for dairy cows indicate a substantial potential negative impact on milk production. At the higher compared to lower emissions scenario, negative climate change effects will occur sooner, and impact a larger geographic area within the region. Farmer adaptations to climate change will not be cost- or risk-free, and the impact on individual farm families and rural communities will depend on commodity produced, available capital, and timely, accurate climate projections.
=593  \\$aPubAg article
=593  \\$cUSDA submission
=650  \3$aclimate change
=650  \3$aprediction
=650  \3$amodels
=650  \3$adairy farming
=650  \3$alivestock
=650  \3$aheat stress
=650  \3$arain
=650  \3$adrought
=650  \3$ainsect pests
=650  \3$aweeds
=650  \3$aintegrated pest management
=650  \3$acrop production
=650  \3$aair temperature
=650  \3$acarbon dioxide
=650  \3$aelevated atmospheric gases
=650  \3$afarmers
=650  \3$asocial adjustment
=650  \3$aplant diseases and disorders
=651  \3$aNortheastern United States
=700  1\$aZiska, Lewis
=700  1\$aPetzoldt, Curt
=700  1\$aSeaman, Abby
=700  1\$aChase, Larry
=700  1\$aHayhoe, Katharine
=773  0\$tMitigation and adaptation strategies for global change.$g2008 June, v.  13, no.  5-6 p.555-575$dSpringer Netherlands$x1381-2386$7nnas
=787  1\$oproduct_pubag
=787  1\$oislandora_article_repository
=787  1\$oislandora_pubag_with_text
=787  1\$o(Journal)jnl3870070
=852  \\$aDNAL
=856  40$uhttps://handle.nal.usda.gov/10113/16476$3Available in the National Agricultural Library PubAg search system
=856  40$uhttp://dx.doi.org/10.1007/s11027-007-9125-2$3Available from publisher's Web site
=912  \\$aArticle
=914  \\$aJournal:jnl3870070$b1381-2386$c13$d5-6$e555
=914  \\$fMitigation and adaptation strategies for global change
=917  \\$aissued
=930  \\$a20080702$b20080801$c00000000
=935  \\$aIND44057991$9ExL
=945  \\$aIND$dGAY$e2008/07/02
=946  \\$aNon-US
=949  \\$a2016-09-13
=952  \\$a20080702 20080801 00000000$bIND GAY 2008/07/02
=961  \\$aUSDA/ARS
=974  \\$aagid:16476
=984  \\$a2008-08-02
=985  \\$aConverted from MARCXML to MODS version 3.4 using MARC21slim2MODS3-4.xsl (Revision 1.95 2014/04/23)
=986  \\$a4057991

