=LDR  03617nab a2200697 u 4500
=001  9915598589207426
=005  20221118212140.0
=008  080516e200806\\xx\|||||o|||||||||||eng||
=016  7\$aIND44057994$2DNAL
=024  7\$a10.1007/s11027-007-9134-1$2doi
=024  7\$a10113/16477$2hdl
=035  \\$aagid:16477-01nal_inst
=040  \\$aAGL$beng$cAGL
=072  \0$aB200
=072  \0$aF600
=072  \0$aX380
=100  1\$aZiska, Lewis H.
=245  10$aClimate change, aerobiology, and public health in the Northeast United States
=300  \\$ap. 607-613.
=500  \\$aIncludes references
=500  \\$a2019-12-04
=520  \\$aThe epidemiological implications with respect to climate change and public health (e.g., shifts in disease vectors) are beginning to be acknowledged. Less recognized however, are the potential links between climate, plant biology and public health. In addition to being affected by climate (e.g., temperature determines plant range), carbon dioxide (CO₂) represents the raw material needed for photosynthesis and its rapid increase in the atmosphere is expected to stimulate plant growth. While there are a number of means by which plant biology intersects with human health (e.g., plant nutrition), one of the most widely recognized is aerobiology; specifically, the ability of plants to both produce pollen and to serve as a substrate for molds/fungi (e.g., sporulation). The current review represents an initial attempt to coalesce what is known regarding the likely impacts of climate/CO₂ on plant pollen/fungal spores and associated allergic disease that are, or could be, specific to the Northeast United States. Although the current results indicate a number of potentially unfavorable effects, we wish to stress that the current data are based on a small number of experiments. Additional data are crucial to both reduce epidemiological uncertainty and to derive a robust set of mitigation / adaptation strategies.
=593  \\$aPubAg article
=593  \\$cUSDA submission
=650  \3$acarbon dioxide
=650  \3$asporulation
=650  \3$aallergens
=650  \3$ahuman health
=650  \3$aclimate change
=650  \3$aelevated atmospheric gases
=650  \3$aasthma
=650  \3$afungal spores
=650  \3$apollination
=650  \3$aurbanization
=651  \3$aNortheastern United States
=653  \0$ahypersensitivity
=700  1\$aEpstein, Paul R.
=700  1\$aRogers, Christine A.
=773  0\$tMitigation and adaptation strategies for global change.$g2008 June, v.  13, no.  5-6 p.607-613$dSpringer Netherlands$x1381-2386$7nnas
=787  1\$oproduct_pubag
=787  1\$oislandora_article_repository
=787  1\$oislandora_pubag_with_text
=787  1\$o(Journal)jnl3870070
=852  \\$aDNAL
=856  40$uhttps://handle.nal.usda.gov/10113/16477$3Available in the National Agricultural Library PubAg search system
=856  40$uhttp://dx.doi.org/10.1007/s11027-007-9134-1$3Available from publisher's Web site
=912  \\$aArticle
=914  \\$aJournal:jnl3870070$b1381-2386$c13$d5-6$e607
=914  \\$fMitigation and adaptation strategies for global change
=917  \\$aissued
=930  \\$a20080702$b20080801$c00000000
=935  \\$aIND44057994$9ExL
=945  \\$aIND$dGAY$e2008/07/02
=946  \\$aNon-US
=949  \\$a2016-09-13
=952  \\$a20080702 20080801 00000000$bIND GAY 2008/07/02
=961  \\$aUSDA/ARS
=974  \\$aagid:16477
=984  \\$a2008-08-02
=985  \\$aConverted from MARCXML to MODS version 3.4 using MARC21slim2MODS3-4.xsl (Revision 1.95 2014/04/23)
=986  \\$a4057994

