=LDR  02072nab a2200709 u 4500
=001  9915599627407426
=005  20221121043528.0
=008  080225e200801\\xx\|||||o|||||||||||eng||
=016  7\$aIND44019279$2DNAL
=035  \\$aagid:2758755-01nal_inst
=040  \\$aAGL$beng$cAGL
=072  \0$a     J800   
=072  \0$a     B200   
=072  \0$a     F100   
=072  \0$a     J700   
=100  1\$aZhang, X.
=245  10$aImpact of climate change on soil erosion and crop production in the Loess Plateau of China
=300  \\$ap. 22A.
=500  \\$a2019-12-05
=650  \3$ano-tillage
=650  \3$aeducation programs
=650  \3$avegetation cover
=650  \3$asustainable agriculture
=650  \3$asediment transport
=650  \3$afarms
=650  \3$ainternational cooperation
=650  \3$atemporal variation
=650  \3$acrop production
=650  \3$awater conservation
=650  \3$aagricultural runoff
=650  \3$amodels
=650  \3$aclimate change
=650  \3$aspatial data
=650  \3$astorms
=650  \3$asoil conservation
=650  \3$arivers
=650  \3$aAgricultural Research Service
=650  \3$afloods
=650  \3$asoil erosion
=650  \3$aenvironmental impact
=651  \3$aChina
=653  \0$aslope
=653  \0$aconservation tillage
=700  1\$aLiu, W.Z.
=773  0\$tJournal of soil and water conservation.$g2008 , v. 63, no. 1 p.22A-22A$x0022-4561$7nnas
=787  1\$oislandora_article_repository
=787  1\$o(Journal)1947
=852  \\$aDNAL
=912  \\$aArticle
=914  \\$aJournal:1947
=914  \\$fJournal of soil and water conservation
=917  \\$aissued
=930  \\$a20080325$b20080404$c00000000
=935  \\$aIND44019279$9ExL
=945  \\$aIND$dYLP$e2008/03/18
=946  \\$aOther US
=952  \\$a20080325 20080404 00000000$bIND YLP 2008/03/18
=961  \\$aUSDA/ARS
=974  \\$aagid:2758755
=984  \\$a2014-12-24
=985  \\$aConverted from MARCXML to MODS version 3.4 using MARC21slim2MODS3-4.xsl (Revision 1.95 2014/04/23)
=986  \\$a4019279

