=LDR  03026nab a2200769 u 4500
=001  9915600887607426
=005  20221118204038.0
=008  090223e200712\\xx\|||||o|||||||||||eng||
=016  7\$aIND44167619$2DNAL
=024  7\$a10.1016/j.pt.2007.08.016$2doi
=024  7\$a17962073$2pmid
=024  7\$a10113/25560$2hdl
=035  \\$aagid:25560-01nal_inst
=040  \\$aAGL$beng$cAGL
=072  \0$aL300
=072  \0$aB200
=072  \0$aX385
=100  1\$aBrooks, Daniel R.
=245  10$aHow will global climate change affect parasite-host assemblages?
=300  \\$ap. 571-574.
=500  \\$aIncludes references
=500  \\$a2019-12-05
=520  \\$aParasites are integral components of the biosphere. Host switching correlated with events of episodic climate change is ubiquitous in evolutionary and ecological time. Global climate change produces ecological perturbations, which cause geographical and phenological shifts, and alteration in the dynamics of parasite transmission, increasing the potential for host switching. The intersection of climate change with evolutionary conservative aspects of host specificity and transmission dynamics, called ecological fitting, permits emergence of parasites and diseases without evolutionary changes in their capacity for host utilization.
=593  \\$aPubAg article
=650  \3$aparasitism
=650  \3$aevolution
=650  \3$ahost-parasite relationships
=650  \3$aemerging diseases
=650  \3$adisease transmission
=650  \3$aglobal warming
=650  \3$ahost specificity
=650  \2$aAnimals
=650  \2$aBiological Evolution
=650  \2$aDisease Vectors
=650  \2$aEcosystem
=650  \2$aGreenhouse Effect
=650  \2$aHost-Parasite Interactions$xphysiology
=650  \2$aHumans
=650  \2$aModels, Biological
=650  \2$aParasites$xphysiology
=650  \2$aParasitic Diseases$xparasitology
=653  \0$ainfectious diseases
=653  \0$ahost switching
=653  \0$aclimate change
=653  \0$aecological fitting
=700  1\$aHoberg, Eric P.
=773  0\$tTrends in parasitology.$g2007 Dec., v.  23, no.  12 p.571-574$7nnas
=787  1\$oproduct_pubag
=787  1\$oislandora_pubag_with_text
=787  1\$oislandora_article_repository
=852  \\$aDNAL
=856  40$uhttps://handle.nal.usda.gov/10113/25560$3Available in the National Agricultural Library PubAg search system
=856  40$uhttp://dx.doi.org/10.1016/j.pt.2007.08.016$3Available from publisher's Web site
=912  \\$aArticle
=914  \\$fTrends in parasitology
=917  \\$aissued
=930  \\$a20090225$b20090301$c00000000
=935  \\$aIND44167619$9ExL
=945  \\$aIND$dNZM$e2009/02/25
=946  \\$aNon-US
=949  \\$a2016-09-13
=952  \\$a20090225 20090301 00000000$bIND NZM 2009/02/25
=961  \\$aUSDA/ARS
=974  \\$aagid:25560
=984  \\$a2012-06-07
=985  \\$aConverted from MARCXML to MODS version 3.4 using MARC21slim2MODS3-4.xsl (Revision 1.95 2014/04/23)
=986  \\$a4167619

