=LDR  04659nab a2200685 u 4500
=001  9915602068907426
=005  20221122173250.0
=008  160903e201609\\xx\|||||o|||||||||||eng||
=016  7\$aIND605478852$2DNAL
=024  7\$a10.1111/gcb.13309$2doi
=035  \\$aagid:5478852-01nal_inst
=040  \\$aAGL$beng$cAGL
=100  1\$aCaldwell, Peter V.$eauthor$uUSDA Forest Service, Southern Research Station, Center for Forest Watershed Research, Coweeta Hydrologic Lab, 3160 Coweeta Lab Road, Otto, NC, 28734, USA
=245  10$aDeclining water yield from forested mountain watersheds in response to climate change and forest mesophication
=300  \\$ap. 2997-3012.
=500  \\$aJOURNAL ARTICLE
=500  \\$a2019-12-06
=520  \\$aClimate change and forest disturbances are threatening the ability of forested mountain watersheds to provide the clean, reliable, and abundant fresh water necessary to support aquatic ecosystems and a growing human population. Here, we used 76 years of water yield, climate, and field plot vegetation measurements in six unmanaged, reference watersheds in the southern Appalachian Mountains of North Carolina, USA to determine whether water yield has changed over time, and to examine and attribute the causal mechanisms of change. We found that annual water yield increased in some watersheds from 1938 to the mid‐1970s by as much as 55%, but this was followed by decreases up to 22% by 2013. Changes in forest evapotranspiration were consistent with, but opposite in direction to the changes in water yield, with decreases in evapotranspiration up to 31% by the mid‐1970s followed by increases up to 29% until 2013. Vegetation survey data showed commensurate reductions in forest basal area until the mid‐1970s and increases since that time accompanied by a shift in dominance from xerophytic oak and hickory species to several mesophytic species (i.e., mesophication) that use relatively more water. These changes in forest structure and species composition may have decreased water yield by as much as 18% in a given year since the mid‐1970s after accounting for climate. Our results suggest that changes in climate and forest structure and species composition in unmanaged forests brought about by disturbance and natural community dynamics over time can result in large changes in water supply.
=592  \\$aPublisher supplied data
=593  \\$aPubAg article
=650  \3$afreshwater
=650  \3$awater supply
=650  \3$aevapotranspiration
=650  \3$aCarya
=650  \3$asurveys
=650  \3$aclimate change
=650  \3$awatersheds
=650  \3$aspecies diversity
=650  \3$ahuman population
=650  \3$astand basal area
=650  \3$aaquatic ecosystems
=650  \3$aclimate
=650  \3$aforests
=651  \3$aAppalachian region
=651  \3$aNorth Carolina
=653  \0$abasal area
=700  1\$aMiniat, Chelcy F.$eauthor$uUSDA Forest Service, Southern Research Station, Center for Forest Watershed Research, Coweeta Hydrologic Lab, 3160 Coweeta Lab Road, Otto, NC, 28734, USA
=700  1\$aElliott, Katherine J.$eauthor$uUSDA Forest Service, Southern Research Station, Center for Forest Watershed Research, Coweeta Hydrologic Lab, 3160 Coweeta Lab Road, Otto, NC, 28734, USA
=700  1\$aSwank, Wayne T.$eauthor$uUSDA Forest Service, Southern Research Station, Center for Forest Watershed Research, Coweeta Hydrologic Lab, 3160 Coweeta Lab Road, Otto, NC, 28734, USA
=700  1\$aBrantley, Steven T.$eauthor$uUSDA Forest Service, Southern Research Station, Center for Forest Watershed Research, Coweeta Hydrologic Lab, 3160 Coweeta Lab Road, Otto, NC, 28734, USA
=700  1\$aLaseter, Stephanie H.$eauthor$uUSDA Forest Service, Southern Research Station, Center for Forest Watershed Research, Coweeta Hydrologic Lab, 3160 Coweeta Lab Road, Otto, NC, 28734, USA
=773  0\$tGlobal change biology.$g2016 Sept., v. 22, no. 9 p.2997-3012$dJohn Wiley & Sons, Ltd$x1354-1013$7nnas
=787  1\$oislandora_article_repository
=787  1\$oproduct_pubag
=787  1\$o(Journal)jnl57021
=856  40$uhttp://dx.doi.org/10.1111/gcb.13309$3Available from publisher's site
=912  \\$aArticle
=914  \\$aJournal:jnl57021$b1354-1013$c22$d9$e2997
=914  \\$fGlobal change biology
=916  \\$aBatch:1483
=917  \\$aissued
=918  2\$aJohn Wiley & Sons, Inc$eprovider$5DNAL
=935  \\$aIND605478852$9ExL
=949  \\$a2016-12-08
=953  \\$a13541013_2016_22_9.xml
=961  \\$aUSDA/FS
=962  \\$aBatch:1483 reviewed on 2016-12-08T04:00:03Z
=974  \\$aagid:5478852
=983  \\$a2016-09-03
=984  \\$a2016-12-08

