=LDR  04216nab a2200637 u 4500
=001  9915603012807426
=005  20221118200839.0
=008  220424e202103\\xx\|||||o|||||||||||eng||
=016  7\$aIND607753545$2DNAL
=024  7\$a10.1002/agj2.20548$2doi
=035  \\$aagid:7753545-01nal_inst
=040  \\$aAGL$beng$cAGL
=100  1\$aMa, L.$eauthor$uRangeland Resources and Systems Research Unit, USDA‐ARS, Fort Collins, CO, 80526, USA
=245  10$aSimulated climate change effects on soybean production using two crop modules in RZWQM2
=300  \\$ap. 1349-1365.
=500  \\$aJOURNAL ARTICLE
=520  \\$aThe ability to predict climate change effects on crop yield through field experiments and crop modeling is essential for developing mitigation strategies. The objective of this study was to compare two different crop modules (CROPGRO and HERMES) in the Root Zone Water Quality Model 2 (RZWQM2) for predicting climate change effects on soybean [Glycine max (L.) Merr.] production. The modules were previously calibrated for measured temperature responses using data from a 4‐yr open‐top chamber experiment (2015-2018) in North Carolina. Both crop modules simulated similar climate change effects in terms of yield and biomass by the end of Year 2100 (2083-2099) using 40 general circulation model (GCM) projections and two Representative Concentration Pathways (RCP4.5 and RCP8.5), compared with the simulations using current baseline (2002-2018). For both modules, much greater reductions in biomass and seed yield were simulated under RCP8.5 than under RCP4.5 due to higher air temperature. In addition, both modules predicted lower variability of biomass and seed yield across these GCMs under irrigated than under rainfed conditions. CROPGRO predicted a greater positive climate change effect in response to the projected higher precipitation and increased atmospheric CO₂ (compared with baseline conditions) than HERMES. Soybean production will likely benefit more from the projected high precipitation and elevated CO₂ under rainfed conditions than under irrigated conditions. Due to much higher simulated yield under irrigation than under rainfed conditions, supplementary irrigation may be an effective mitigation strategy to maintain soybean yield; however, adjusting sowing dates appear to have little effect on soybean production.
=592  \\$aPublisher supplied data
=593  \\$aPubAg article
=650  \3$aGeneral Circulation Models
=650  \3$aGlycine max
=650  \3$aRoot Zone Water Quality Model
=650  \3$aagronomy
=650  \3$aair temperature
=650  \3$abiomass
=650  \3$acarbon dioxide
=650  \3$aclimate change
=650  \3$airrigation
=650  \3$aseed yield
=650  \3$asoybeans
=651  \3$aNorth Carolina
=700  1\$aFang, Q. X.$eauthor$uAgronomy College, Qingdao Agricultural Univ., Qingdao, 266109, China$1https://orcid.org/0000-0003-3720-6769
=700  1\$aSima, M. W.$eauthor$uDep. of Civil and Environmental Engineering, Princeton Univ., Princeton, NJ, 08544, USA
=700  1\$aBurkey, K. O.$eauthor$uPlant Science Research Unit, USDA‐ARS, Raleigh, NC, 27695, USA
=700  1\$aHarmel, R. D.$eauthor$uCenter for Agricultural Resources Research, USDA‐ARS, Fort Collins, CO, 80526, USA
=773  0\$tAgronomy journal.$g2021 Mar., v. 113, no. 2 p.1349-1365$dJohn Wiley & Sons, Ltd$wJournal:jnl44592$x0002-1962$7nnas
=787  1\$oislandora_article_repository
=787  1\$oproduct_pubag
=787  1\$o(Journal)jnl44592
=856  40$uhttps://dx.doi.org/10.1002/agj2.20548$3Available from publisher's site
=912  \\$aArticle
=914  \\$aJournal:jnl44592$b0002-1962$c113$d2$e1349
=914  \\$fAgronomy journal
=916  \\$aBatch:10247
=917  \\$aissued
=918  2\$aJohn Wiley & Sons, Inc$eprovider$5DNAL
=935  \\$aIND607753545$9ExL
=949  \\$a2022-04-24
=952  \\$dNAL-AP-2-clean
=953  \\$a/data/metadata/incoming/wiley/00021962_2021_113_2.xml
=954  \\$afile:/data/metadata/staging/wiley/00021962_2021_113_2.xml
=955  \\$a/data/metadata/staging/wiley/
=961  \\$aUSDA/ARS
=974  \\$aagid:7753545
=983  \\$a2022-04-24
=984  \\$a2022-04-24

