=LDR  05278nab a2200865 u 4500
=001  9915603466207426
=005  20221215143850.0
=008  201125e201801\\xx\|||||o|||||||||||eng||
=016  7\$aIND605655434$2DNAL
=024  7\$a10.1016/j.agsy.2017.03.014$2chorus
=024  7\$a10.1016/j.agsy.2017.03.014$2doi
=035  \\$aagid:5655434-01nal_inst
=040  \\$aAGL$beng$cAGL
=100  1\$aKarimi, T.$eauthor$uDepartment of Biological Systems Engineering, Washington State University, Pullman, USA
=245  10$aClimate change and dryland wheat systems in the US Pacific Northwest
=300  \\$ap. 144-156.
=506  \\$aResource is Open Access$uhttp://purl.org/eprint/accessRights/OpenAccess
=506  \\$aCHORUS License Information
=520  \\$aA regional assessment of baseline (1980-2010) and future (2015-2085) yields of dryland wheat-based cropping systems in the US Inland Pacific Northwest (IPNW) was conducted. The computer simulation-based assessment was done using CropSyst, a cropping systems simulation model, and projected daily weather data downscaled to a 4×4km grid using 12 general circulation models (GCMs) for two atmospheric CO₂ representative concentration pathways (RCP 4.5 and RCP 8.5). The study region was divided into 3 agro-ecological zones (AEZs): continuous cropping (CC), continuous cropping-fallow transition (CCF), and crop-fallow (CF), with the following typical rotations assigned to the zones: winter wheat (WW) - summer fallow (SF) (CF zone), WW - spring wheat (SW) - SF (CCF zone), and WW - SW - spring pea (CC zone). By the 2070s (2065-2085), precipitation in the IPNW is projected to increase by about 8 and 12% compared to the baseline period under RCP 4.5 and 8.5, respectively. Mean temperature during the WW growing season will increase about 1.5 and 2.3°C under RCP 4.5 and 8.5, respectively, but will not change noticeably during the SW growing season due to the adaptive early planting used in this study. Concurrently, atmospheric CO₂ concentration will increase from today's average of ~400ppm to 532ppm to 801ppm by 2085 depending on future emissions of greenhouse gases. Soil water-crop growth interactions, which show large variation across the region, will modulate crop responses to these changing conditions, with our results showing an overall increase in yield across the IPNW. By the 2070s, the mean ratio of future to baseline WW yield will range from 1.29 to 1.35 under RCP 4.5 and from 1.41 to 1.64 under RCP 8.5 depending on the AEZ. The mean yield ratio for SW across AEZs will range from 1.38 to 1.53 under RCP 4.5 and 1.54 to 1.91 under RCP 8.5. Given substantial climatic heterogeneity in the region, these gains will not be distributed equally across the region or within AEZs, and overall they will not be shared equally by all growers.
=592  \\$aPublisher supplied data
=593  \\$aPubAg article
=596  \\$cNational Institute of Food and Agriculture$dhttps://doi.org/10.13039/100005825
=506  0\$fUnrestricted online access$2star
=650  \3$aGeneral Circulation Models
=650  \3$aTriticum aestivum
=650  \3$aagroecological zones
=650  \3$aarid lands
=650  \3$aatmospheric precipitation
=650  \3$acarbon dioxide
=650  \3$aclimate change
=650  \3$acomputer simulation
=650  \3$acontinuous cropping
=650  \3$adryland farming
=650  \3$afallow
=650  \3$agreenhouse gas emissions
=650  \3$agrowers
=650  \3$agrowing season
=650  \3$ameteorological data
=650  \3$apeas
=650  \3$aplanting date
=650  \3$asimulation models
=650  \3$asoil
=650  \3$aspring wheat
=650  \3$asummer
=650  \3$atemperature
=650  \3$awinter wheat
=651  \3$aPacific States
=653  \0$aGlobal climate model
=653  \0$aRepresentative concentration pathway
=653  \0$aAgroecological zone
=700  1\$aStöckle, C.O.$eauthor$uDepartment of Biological Systems Engineering, Washington State University, Pullman, USA
=700  1\$aHiggins, S.$eauthor$uDepartment of Biological Systems Engineering, Washington State University, Pullman, USA
=700  1\$aNelson, R.$eauthor$uDepartment of Biological Systems Engineering, Washington State University, Pullman, USA
=773  0\$tAgricultural systems.$g2018 Jan., v. 159 p.144-156$dElsevier Ltd$wJournal:jnl7186$x0308-521X$7nnas
=787  1\$oislandora_article_repository
=787  1\$oproduct_pubag
=787  1\$o(Journal)jnl7186
=856  40$uhttps://dx.doi.org/10.1016/j.agsy.2017.03.014$3Available from publisher's site
=912  \\$aArticle
=914  \\$aJournal:jnl7186$b0308-521X$c159$e144
=914  \\$fAgricultural systems
=916  \\$aBatch:1782
=917  \\$aissued
=918  2\$aElsevier Consyn$eprovider$5DNAL
=935  \\$aIND605655434$9ExL
=949  \\$a2020-03-06
=953  \\$a/data/metadata/incoming/consyn/783157386678757935-00005-HEAD-ONLY-NEW CONSYN ISSNS.ZIP
=954  \\$afile:/data/metadata/staging/consyn/S0308521X17300148.xml
=955  \\$a/data/metadata/staging/consyn/
=961  \\$aUSDA
=962  \\$aUSDA Scientist Submission; eISSN 1873-2267
=962  \\$aMissing ISSN
=974  \\$aagid:5655434
=983  \\$a2020-11-25
=984  \\$a2022-09-02

