=LDR  06014nab a2200937 u 4500
=001  9915604062207426
=005  20221207095716.0
=008  190318e201605\\xx\|||||o|||||||||||eng||
=016  7\$aIND606059021$2DNAL
=024  7\$a10.1016/j.jhydrol.2016.02.025$2chorus
=024  7\$a10.1016/j.jhydrol.2016.02.025$2doi
=024  7\$a10.1016/j.jhydrol.2016.02.025$2chorusOpen
=035  \\$aagid:6059021-01nal_inst
=040  \\$aAGL$beng$cAGL
=100  1\$aGould, Gregory K.$eauthor$uDepartment of Civil & Environmental Engineering, Washington State University, Pullman, WA 99163, USA
=245  14$aThe effects of climate change and extreme wildfire events on runoff erosion over a mountain watershed
=300  \\$ap. 74-91.
=506  \\$aResource is Open Access$uhttp://purl.org/eprint/accessRights/OpenAccess
=506  \\$aCHORUS License Information
=520  \\$aIncreases in wildfire occurrence and severity under an altered climate can substantially impact terrestrial ecosystems through enhancing runoff erosion. Improved prediction tools that provide high resolution spatial information are necessary for location-specific soil conservation and watershed management. However, quantifying the magnitude of soil erosion and its interactions with climate, hydrological processes, and fire occurrences across a large region (>10,000km2) is challenging because of the large computational requirements needed to capture the fine-scale complexities of the land surface that govern erosion. We apply the physically-based coupled Variable Capacity Infiltration-Water Erosion Prediction Project (VIC-WEPP) model to study how wildfire occurrences can enhance soil erosion in a future climate over a representative watershed in the northern Rocky Mountains - the Salmon River Basin (SRB) in central Idaho. While the VIC model simulates hydrologic processes at larger scales, the WEPP model simulates erosion at the hillslope scale by sampling representative hillslopes.VIC-WEPP model results indicate that SRB streamflow will have an earlier shift in peak flow by one to two months under future climate scenarios in response to a declining snowpack under warming temperatures. The magnitude of peak flow increases with each higher severity fire scenario; and under the highest fire severity, the peak flow is shifted even earlier, exacerbating the effects of climate change. Similarly, sediment yield also increases with higher fire severities for both historical and future climates. Sediment yield is more sensitive to fire occurrence than to climate change by one to two orders of magnitude, which is not unexpected given that our fire scenarios were applied basin wide as worst case scenarios. In reality, fires only occur over portions of the basin in any given year and subsequent years' vegetation regrowth reduces erosion. However, the effects of climate change on sediment yield result in greater spatial heterogeneities, primarily because of the spatial differences in precipitation projections, while fire conditions were uniformly applied. The combined effects of climate change and a possible continuation of increasing fire frequency and severity will compound excess sediment issues that already exist in this region of the intermountain West.
=592  \\$aPublisher supplied data
=593  \\$aPubAg article
=596  \\$cNational Institute of Food and Agriculture$dhttps://doi.org/10.13039/100005825
=596  \\$cU.S. Geological Survey
=506  0\$fUnrestricted online access$2star
=650  \3$aWater Erosion Prediction Project
=650  \3$abasins
=650  \3$aclimate
=650  \3$aclimate change
=650  \3$afire frequency
=650  \3$afire severity
=650  \3$aprediction
=650  \3$arivers
=650  \3$arunoff
=650  \3$asediment yield
=650  \3$asediments
=650  \3$asnowpack
=650  \3$asoil conservation
=650  \3$aspatial data
=650  \3$astream flow
=650  \3$atemperature
=650  \3$aterrestrial ecosystems
=650  \3$atopographic slope
=650  \3$avegetation
=650  \3$awater erosion
=650  \3$awatershed management
=650  \3$awatersheds
=650  \3$awildfires
=651  \3$aIdaho
=651  \3$aIntermountain West region
=651  \3$aRocky Mountain region
=653  \0$aWildfire
=653  \0$aErosion
=653  \0$aClimate change
=653  \0$aWEPP model
=653  \0$aHydrology
=700  1\$aLiu, Mingliang$eauthor$uDepartment of Civil & Environmental Engineering, Washington State University, Pullman, WA 99163, USA
=700  1\$aBarber, Michael E.$eauthor$uDepartment of Civil & Environmental Engineering, Washington State University, Pullman, WA 99163, USA
=700  1\$aCherkauer, Keith A.$eauthor$uDepartment of Agricultural & Biological Engineering, Purdue University, West Lafayette, IN 47907, USA
=700  1\$aRobichaud, Peter R.$eauthor$uRocky Mountain Research Station, USDA Forest Service, Moscow, ID 83843, USA
=700  1\$aAdam, Jennifer C.$eauthor$uDepartment of Civil & Environmental Engineering, Washington State University, Pullman, WA 99163, USA
=773  0\$tJournal of hydrology.$g2016 May, v. 536 p.74-91$dElsevier B.V.$aElsevier B.V.$wJournal:jnl46539$x0022-1694$7nnas
=787  1\$oislandora_article_repository
=787  1\$oproduct_pubag
=787  1\$o(Journal)jnl46539
=856  40$uhttps://dx.doi.org/10.1016/j.jhydrol.2016.02.025$3Available from publisher's site
=912  \\$aArticle
=914  \\$aJournal:jnl46539$b0022-1694$c536$e74
=914  \\$fJournal of hydrology
=916  \\$aBatch:2065
=917  \\$aissued
=918  2\$aElsevier Consyn$eprovider$5DNAL
=935  \\$aIND606059021$9ExL
=949  \\$a2020-03-06
=953  \\$a/data/metadata/incoming/consyn/46-2-00010-HEAD-ONLY.zip
=954  \\$afile:/data/metadata/staging/consyn/S0022169416300592.xml
=955  \\$a/data/metadata/staging/consyn/
=961  \\$aUSDA/FS
=974  \\$aagid:6059021
=983  \\$a2019-03-18
=984  \\$a2022-09-06

