=LDR  05153nab a2200757 u 4500
=001  9915608412707426
=005  20221118224259.0
=008  190516e201903\\xx\|||||o|||||||||||eng||
=016  7\$aIND606289354$2DNAL
=024  7\$a10.1016/j.jhydrol.2019.01.011$2doi
=035  \\$aagid:6289354-01nal_inst
=040  \\$aAGL$beng$cAGL
=100  1\$aDuan, Kai$eauthor$uSchool of Civil Engineering, Sun Yat-Sen University, Guangzhou, China
=245  10$aUnderstanding the role of regional water connectivity in mitigating climate change impacts on surface water supply stress in the United States
=300  \\$ap. 80-95.
=520  \\$aSurface water supply for a watershed relies on local water generated from precipitation and water connections with other watersheds. These connections are confined by topography and infrastructure, and respond diversely to stressors such as climate change, population growth, increasing energy and water demands. This study presents an integrative simulation and evaluation framework that incorporates the natural and anthropogenic water connections (i.e., stream flows, inter-basin water transfers, water withdrawals and return flows) among the 2099 8-digit Hydrologic Unit Code (HUC-8) watersheds across the conterminous United States. The framework is then applied to investigate the potential impacts of changes in climate and water use on regional water availability and water stress (the ratio of demand to supply). Our projections suggest that highly water-stressed areas may expand from 14% to 18% and the stressed population would increase from 19% to 24% by 2070-2099. Climate-change mitigation practices (e.g., energy structure reform, technology innovation) could largely offset these trends by reducing demand and enhancing supply. At the watershed scale, the spatially inhomogeneous responses to future changes suggest that regional water connectivity could significantly buffer the potential stress escalations due to the redistribution of water resources and diverse changes in consumptive uses and water supplies in different source areas. However, the detrimental future changes (e.g., depleting river discharges, larger demands of water withdrawal) may aggravate conflicts over water rights among regions and challenge our current water infrastructure system. This study provides new insights into the critical role of regional water connectivity in water supply security, and highlights the increasing need for integrated monitoring and management of water resources at various spatial levels in a changing world.
=592  \\$aPublisher supplied data
=593  \\$aPubAg article
=650  \3$aclimate
=650  \3$aclimate change
=650  \3$aenergy
=650  \3$ainfrastructure
=650  \3$amonitoring
=650  \3$apopulation growth
=650  \3$astream flow
=650  \3$asurface water
=650  \3$atopography
=650  \3$awater management
=650  \3$awater rights
=650  \3$awater stress
=650  \3$awater supply
=650  \3$awatersheds
=651  \3$aUnited States
=653  \0$aWater stress
=653  \0$aWater connectivity
=653  \0$aClimate change
=653  \0$aUpstream flow
=653  \0$aWater transfer
=653  \0$aWater consumption
=700  1\$aCaldwell, Peter V.$eauthor$uCoweeta Hydrologic Laboratory, USDA Forest Service, Otto, NC, USA$1https://orcid.org/0000-0003-0537-3546
=700  1\$aSun, Ge$eauthor$uEastern Forest Environmental Threat Assessment Center, USDA Forest Service, Research Triangle Park, NC, USA$1https://orcid.org/0000-0002-0159-1370
=700  1\$aMcNulty, Steven G.$eauthor$uEastern Forest Environmental Threat Assessment Center, USDA Forest Service, Research Triangle Park, NC, USA$1https://orcid.org/0000-0003-4518-5646
=700  1\$aZhang, Yang$eauthor$uDepartment of Marine, Earth, and Atmospheric Sciences, North Carolina State University, Raleigh, NC, USA
=700  1\$aShuster, Erik$eauthor$uNational Energy Technology Laboratory, US Department of Energy, Pittsburgh, PA, USA
=700  1\$aLiu, Bingjun$eauthor$uSchool of Civil Engineering, Sun Yat-Sen University, Guangzhou, China
=700  1\$aBolstad, Paul V.$eauthor$uDepartment of Forest Resources, University of Minnesota, Saint Paul, MN, USA
=773  0\$tJournal of hydrology.$g2019 Mar., v. 570 p.80-95$dElsevier B.V.$wJournal:jnl46539$x0022-1694$7nnas
=787  1\$oislandora_article_repository
=787  1\$oproduct_pubag
=787  1\$o(Journal)jnl46539
=856  40$uhttps://dx.doi.org/10.1016/j.jhydrol.2019.01.011$3Available from publisher's site
=912  \\$aArticle
=914  \\$aJournal:jnl46539$b0022-1694$c570$e80
=914  \\$fJournal of hydrology
=916  \\$aBatch:2138
=917  \\$aissued
=918  2\$aElsevier Consyn$eprovider$5DNAL
=935  \\$aIND606289354$9ExL
=949  \\$a2019-05-16
=953  \\$a/data/metadata/incoming/consyn/18838-00001-HEAD-ONLY-REVISEDSUBJECTLIST.zip
=954  \\$afile:/data/metadata/staging/consyn/S0022169419300290.xml
=955  \\$a/data/metadata/staging/consyn/
=961  \\$aUSDA/FS
=974  \\$aagid:6289354
=983  \\$a2019-05-16
=984  \\$a2019-05-16

