=LDR  01865nab a2200445 u 4500
=001  9915610421007426
=005  20221207112743.0
=008  220901e202102\\xx\|||||o|||||||||||eng||
=016  7\$aIND607402759$2DNAL
=024  7\$a10.1177/0963662520966690$2doi
=024  7\$a10.1177/0963662520966690$2chorus
=035  \\$aagid:7402759-01nal_inst
=040  \\$aAGL$beng$cAGL
=100  1\$aGetson, Jackie M.$eauthor$uPurdue University, USA
=245  10$aDo scientists have a responsibility to provide climate change expertise to mitigation and adaptation strategies? Perspectives from climate professionals
=506  \\$aResource is Open Access$uhttp://purl.org/eprint/accessRights/OpenAccess
=506  \\$aCHORUS License Information
=592  \\$aPublisher supplied data
=596  \\$cNational Institute of Food and Agriculture
=506  0\$fUnrestricted online access$2star
=700  1\$aSjöstrand, Anders E.$eauthor$uAppalachian State University, USA
=700  1\$aChurch, Sarah P.$eauthor$uMontana State University, USA
=700  1\$aWeiner, Roberta$eauthor$uPurdue University, USA
=700  1\$aHatfield, Jerry L.$eauthor$uUSDA-ARS, USA
=700  1\$aProkopy, Linda S.$eauthor$uPurdue University, USA
=773  0\$tPublic Understanding of Science.$dSAGE Publications$7nnas
=856  40$uhttps://dx.doi.org/10.1177/0963662520966690$3Available from publisher's site
=912  \\$aArticle
=914  \\$fPublic Understanding of Science
=917  \\$areview
=918  2\$aCHORUS$eprovider$5DNAL
=935  \\$aIND607402759$9ExL
=955  \\$a/data/metadata/staging/chorus
=961  \\$aUSDA/ARS
=962  \\$aMissing ISSN
=974  \\$aagid:7402759
=979  \\$bNo abstract
=984  \\$a2022-09-06
=985  \\$aXML source generated via Python using CHORUS API JSON data; converted to MODS with chorus_to_mods.xsl
=990  \\$iIncomplete articles

