=LDR  03931nab a2200685 u 4500
=001  9915610884507426
=005  20221214225306.0
=008  160916e20160912xx\|||||o|||||||||||eng||
=016  7\$aIND600063143$2DNAL
=024  7\$a10113/63143$2hdl
=024  7\$a324856$2aris
=024  7\$a10.1038/NCLIMATE3115$2doi
=035  \\$aagid:63143-01nal_inst
=040  \\$aAGL$beng$cAGL
=100  1\$aKimball, Bruce$eauthor
=245  10$aSimilar estimates of temperature impacts on global wheat yield by three independent methods
=300  \\$ap. 1130-1136.
=506  \\$aWorks produced by employees of the U.S. Government as part of their official duties are not copyrighted within the U.S. The content of this document is not copyrighted.
=520  \\$aThe potential impact of global temperature change on global wheat production has recently been assessed with different methods, scaling and aggregation approaches. Here we show that grid-based simulations, point-based simulations, and statistical regressions produce similar estimates of temperature impact on wheat yields at global and national scales. With a 1°C global temperature increase, global wheat yield is projected to decline by between 4.1% and 6.0%, a relatively narrow range considering the different methods used. Projected temperature impacts from different methods were very similar for major wheat producing countries China, India, USA and France, but less so for Russia. At the location scale, the point-based method simulated higher responses to temperature than the grid-based method. Specifically, the point-based method tended to predict more yield loss with increasing temperature at cooler locations and less yield loss at warmer locations. However, both point-based and grid-based simulations, and to some extent the statistical regressions, were consistent in predicting that warmer regions are likely to suffer more yield reductions with increasing temperature than cooler regions. By forming a multi-method ensemble, it was possible to quantify 'method uncertainty' in addition to model uncertainty. Use of multi-methods model ensembles should significantly improves the accuracy of estimates of climate impacts on global food security.
=593  \\$aPubAg article
=593  \\$cUSDA submission
=594  \\$aEmbargoed article
=595  \\$a1027$brdonahue$c2017-02-01$dcmartinez$e2017-02-09
=593  \\$eARIS manuscript
=650  \3$aTriticum aestivum
=650  \3$aclimate
=650  \3$afood security
=650  \3$aglobal warming
=650  \3$agrain yield
=650  \3$amodel uncertainty
=650  \3$aprediction
=650  \3$atemperature
=650  \3$awheat
=651  \3$aChina
=651  \3$aFrance
=651  \3$aIndia
=651  \3$aRussia
=651  \3$aUnited States
=773  0\$tNature Climate Change.$g2016 Sept. 12, v. 6, no. 12 p.1130-1136$wSource:1$x1758-678X$7nnas
=787  1\$oislandora_article_repository
=787  1\$oproduct_pubag
=856  40$uhttps://handle.nal.usda.gov/10113/63143$3Available in the National Agricultural Library PubAg search system
=856  40$uhttp://dx.doi.org/10.1038/NCLIMATE3115$3Available from publisher's site
=912  \\$aArticle
=914  \\$fNature Climate Change
=916  \\$aBatch:1544
=917  \\$aissued
=935  \\$aIND600063143$9ExL
=949  \\$a2017-02-22
=956  \\$aARIS submission$bhttps://submit.nal.usda.gov/system/files/submissions/Liu%20Asseng%202016%20climate%20change%20wheat%20yields%20productivity%20modeling.pdf
=961  \\$aUSDA
=962  \\$aUSDA Scientist Submission
=962  \\$aMissing ISSN
=962  \\$aBatch:1544 reviewed on 2017-02-22T15:00:02Z
=974  \\$aagid:63143
=979  \\$aArticle missing volume number
=983  \\$a2016-09-16
=984  \\$a2017-02-22
=985  \\$aUSDA submission converted from Drupal to MODS version 3.4 using submission2mods.xsl (Revision 1.002 2014/01/28)
=986  \\$ans11355

