=LDR  04524nab a2200649 u 4500
=001  9915611527707426
=005  20221207112749.0
=008  150316e20130415xx\|||||o|||||||||||eng||
=016  7\$aIND601216221$2DNAL
=024  7\$a10.1371/journal.pone.0061954$2doi
=024  7\$aPMC3626637$2pmcid
=024  7\$a23596532$2pmid
=035  \\$aagid:1216221-01nal_inst
=040  \\$aAGL$beng$cAGL
=100  1\$aZhang, Hong-Xiang$eauthor$uKey Laboratory of Biogeography and Bioresource in Arid Land, Xinjiang Institute of Ecology and Geography, Chinese Academy of Sciences, Urumqi, China
=245  10$aRetreating or Standing: Responses of Forest Species and Steppe Species to Climate Change in Arid Eastern Central Asia
=246  3\$aPlants Response to Climate Change in Arid Lands
=506  \\$aResource is Open Access$uhttp://purl.org/eprint/accessRights/OpenAccess
=520  \\$aThe temperature in arid Eastern Central Asia is projected to increase in the future, accompanied by increased variability of precipitation. To investigate the impacts of climate change on plant species in this area, we selected two widespread species as candidates, Clematis sibirica and C. songorica, from montane coniferous forest and arid steppe habitats respectively. We employed a combined approach of molecular phylogeography and species distribution modelling (SDM) to predict the future responses of these two species to climate change, utilizing evidence of responses from the past. Genetic data for C. sibirica shows a significant phylogeographical signal (N ST > F ST , P <0.05) and demographic contraction during the glacial-interglacial cycles in the Pleistocene. This forest species would likely experience range reduction, though without genetic loss, in the face of future climate change. In contrast, SDMs predict that C. songorica , a steppe species, should maintain a consistently stable potential distribution under the Last Glacial Maximum (LGM) and the future climatic conditions referring to its existing potential distribution. Molecular results indicate that the presence of significant phylogeographical signal in this steppe species is rejected and this species contains a high level of genetic differentiation among populations in cpDNA, likely benefiting from stable habitats over a lengthy time period. Evidence from the molecular phylogeography of these two species, the forest species is more sensitive to past climate changes than the steppe species. SDMs predict that the forest species will face the challenge of potential range contraction in the future more than the steppe species. This provides a perspective on ecological management in arid Eastern Central Asia, indicating that increased attention should be paid to montane forest species, due to their high sensitivity to disturbance.
=592  \\$aPublisher supplied data
=593  \\$aPubAg article
=506  0\$fUnrestricted online access$2star
=650  \3$aClematis
=650  \3$achloroplast DNA
=650  \3$aclimate change
=650  \3$aclimatic factors
=650  \3$aconiferous forests
=650  \3$agenetic variation
=650  \3$ahabitats
=650  \3$amodels
=650  \3$aphylogeography
=650  \3$asteppes
=650  \3$atemperature
=651  \3$aCentral Asia
=700  1\$aZhang, Ming-Li$eauthor$uKey Laboratory of Biogeography and Bioresource in Arid Land, Xinjiang Institute of Ecology and Geography, Chinese Academy of Sciences, Urumqi, China
=700  1\$aSanderson, Stewart C.$eauthor$uShrub Sciences Laboratory, Intermountain Research Station, Forest Service, United States Department of Agriculture, Provo, Utah, United States of America
=700  1\$aCaramelli, David$eEditor$uUniversity of Florence, Italy
=773  0\$tPloS one.$g, v. 8, no. 4$dPublic Library of Science$x1932-6203$7nnas
=787  1\$oislandora_article_repository
=787  1\$oproduct_pubag
=787  1\$o(Journal)jnl4277198
=856  40$uhttp://dx.doi.org/10.1371/journal.pone.0061954$3Available from publisher's site
=912  \\$aArticle
=914  \\$aJournal:jnl4277198$b1932-6203$c8$d4
=914  \\$fPloS one
=916  \\$aBatch:1160
=917  \\$aissued
=918  2\$aPublic Library of Science$eprovider$5DNAL
=935  \\$aIND601216221$9ExL
=949  \\$a2020-03-06
=953  \\$aPLOS_XML.zip
=961  \\$aUSDA/FS
=962  \\$aIncludes JATS article full-text content.
=962  \\$aBatch:1160 reviewed on 2016-01-06T15:00:02Z
=974  \\$aagid:1216221
=983  \\$a2015-03-16
=984  \\$a2020-03-06

