=LDR  03560nab a2200577 u 4500
=001  9915615327607426
=005  20221118231057.0
=008  200604e202004\\xx\|||||o|||||||||||eng||
=016  7\$aIND606973238$2DNAL
=024  7\$a10.1007/s13157-019-01183-6$2doi
=035  \\$aagid:6973238-01nal_inst
=040  \\$aAGL$beng$cAGL
=100  1\$aVepraskas, M. J.$eauthor$uDepartment of Crop and Soil Sciences, NC State University, Box 7620, Raleigh, NC, 27695-7620, USA. Michael_vepraskas@ncsu.edu$1https://orcid.org/0000-0002-2298-9572
=245  10$aMethod to Assess Climate Change Impacts on Hydrologic Boundaries of Individual Wetlands
=300  \\$ap. 365-376.
=500  \\$aNAL-AP-2-clean
=520  \\$aPotential impacts of climate change on the position of the wetland-hydrology boundary were estimated for four sites in the Eastern U.S. Precipitation and temperature predictions were obtained from the Hadley general circulation model (UKMO-HadCM3) because it most closely approximated observed precipitation for the period 1950-2000. The DRAINMOD hydrologic model was used to compute daily water table levels over two time periods: 1983-2012 (current conditions) and 2041-2070 (future conditions). For each site and time period, the model simulated water table depths for a soil pedon (Typic Paleaquult) that previous work demonstrated was on the wetland-hydrology boundary. Results for the Pitt County site in NC showed that by 2070 the wetland-hydrology boundary would have moved "downhill" to a point that was approximately 17 cm lower in elevation than where the boundary was in 2012 due to a 20% increase in evapotranspiration. Similar analyses were done for hypothetical wetland soils in Miami FL, Easton MD, and Portland ME where the wetland hydrology boundaries were estimated to drop in elevation by 5, 10 and 25 cm, respectively. Our results demonstrated that climate change may have significant impact on wetland boundaries.
=592  \\$aPublisher supplied data
=593  \\$aPubAg article
=596  \\$aNRCS-05-100-TDC$cUSDA Natural Resources Conservation Service
=650  \3$aGeneral Circulation Models
=650  \3$aPaleaquults
=650  \3$aclimate change
=650  \3$aevapotranspiration
=650  \3$ahydrologic models
=650  \3$atemperature
=650  \3$awater table
=650  \3$awetlands
=651  \3$aEastern United States
=700  1\$aSkaggs, R. W.$eauthor$uDepartment of Biological and Agricultural Engineering, NC State University, Box 7625, Raleigh, NC, 27695-7625, USA
=700  1\$aCaldwell, P. V.$eauthor$uUSDA Forest Service, Southern Research Station, Coweta Hydrologic Laboratory, 3160 Coweeta Lab Road, Otto, NC, 28763, USA
=773  0\$tWetlands.$g2020 Apr., v. 40, no. 2 p.365-376$dSpringer Netherlands$wJournal:jnl57834$x0277-5212$7nnas
=787  1\$oislandora_article_repository
=787  1\$oproduct_pubag
=787  1\$o(Journal)jnl57834
=856  40$uhttp://dx.doi.org/10.1007/s13157-019-01183-6$3Available from publisher's site
=912  \\$aArticle
=914  \\$aJournal:jnl57834$b0277-5212$c40$d2$e365
=914  \\$fWetlands
=916  \\$aBatch:10145
=917  \\$aissued
=918  2\$aSpringer$eprovider$5DNAL
=935  \\$aIND606973238$9ExL
=949  \\$a2021-06-18
=953  \\$a/data/metadata/incoming/springer/ftp_PUB_20-06-04_05-29-10.zip
=954  \\$afile:/data/metadata/staging/springer/13157-40-2.xml
=955  \\$a/data/metadata/staging/springer/
=961  \\$aUSDA/FS
=974  \\$aagid:6973238
=983  \\$a2020-06-04
=984  \\$a2021-06-18

