=LDR  04924nab a2200757 u 4500
=001  9915615585507426
=005  20221118230550.0
=008  201125e20180501xx\|||||o|||||||||||eng||
=016  7\$aIND606154145$2DNAL
=024  7\$a10.1016/j.scitotenv.2017.11.257$2doi
=035  \\$aagid:6154145-01nal_inst
=040  \\$aAGL$beng$cAGL
=100  1\$aAnache, Jamil A.A.$eauthor$uSão Carlos School of Engineering (EESC), University of São Paulo (USP), CxP. 359, São Carlos, SP 13566-590, Brazil
=245  10$aLand use and climate change impacts on runoff and soil erosion at the hillslope scale in the Brazilian Cerrado
=300  \\$ap. 140-151.
=520  \\$aLand use and climate change can influence runoff and soil erosion, threatening soil and water conservation in the Cerrado biome in Brazil. The adoption of a process-based model was necessary due to the lack of long-term observed data. Our goals were to calibrate the WEPP (Water Erosion Prediction Project) model for different land uses under subtropical conditions in the Cerrado biome; predict runoff and soil erosion for these different land uses; and simulate runoff and soil erosion considering climate change. We performed the model calibration using a 5-year dataset (2012-2016) of observed runoff and soil loss in four different land uses (wooded Cerrado, tilled fallow without plant cover, pasture, and sugarcane) in experimental plots. Selected soil and management parameters were optimized for each land use during the WEPP model calibration with the existing field data. The simulations were conducted using the calibrated WEPP model components with a 100-year climate dataset created with CLIGEN (weather generator) based on regional climate statistics. We obtained downscaled General Circulation Model (GCM) projections, and runoff and soil loss were predicted with WEPP using future climate scenarios for 2030, 2060, and 2090 considering different Representative Concentration Pathways (RCPs). The WEPP model had an acceptable performance for the subtropical conditions. Land use can influence runoff and soil loss rates in a significant way. Potential climate changes, which indicate the increase of rainfall intensities and depths, may increase the variability and rates of runoff and soil erosion. However, projected climate changes did not significantly affect the runoff and soil erosion for the four analyzed land uses at our location. Finally, the runoff behavior was distinct for each land use, but for soil loss we found similarities between pasture and wooded Cerrado, suggesting that the soil may attain a sustainable level when the land management follows conservation principles.
=592  \\$aPublisher supplied data
=593  \\$aPubAg article
=650  \3$aGeneral Circulation Models
=650  \3$aWater Erosion Prediction Project
=650  \3$acerrado
=650  \3$aclimate
=650  \3$aclimate change
=650  \3$adata collection
=650  \3$aecosystems
=650  \3$afallow
=650  \3$aland use
=650  \3$apastures
=650  \3$arain intensity
=650  \3$arunoff
=650  \3$asoil
=650  \3$asoil erosion
=650  \3$astatistics
=650  \3$asugarcane
=650  \3$atopographic slope
=650  \3$awater conservation
=651  \3$aBrazil
=653  \0$aOverland flow
=653  \0$aSoil loss
=653  \0$aWEPP model
=653  \0$aPasture
=653  \0$aSugarcane
=653  \0$aWoodlands
=700  1\$aFlanagan, Dennis C.$eauthor$uUSDA-Agricultural Research Service, National Soil Erosion Research Laboratory, 275 S. Russell St., West Lafayette, IN 47907-2077, USA
=700  1\$aSrivastava, Anurag$eauthor$uDepartment of Agricultural & Biological Engineering, Purdue University, USDA-ARS-NSERL, 275 S. Russell St., West Lafayette, IN 47907-2077, USA
=700  1\$aWendland, Edson C.$eauthor$uSão Carlos School of Engineering (EESC), University of São Paulo (USP), CxP. 359, São Carlos, SP 13566-590, Brazil
=773  0\$tScience of the total environment.$g2018 May 01, v. 622-623 p.140-151$dElsevier B.V.$aElsevier B.V.$wJournal:jnl4455$x0048-9697$7nnas
=787  1\$oislandora_article_repository
=787  1\$oproduct_pubag
=787  1\$o(Journal)jnl4455
=856  40$uhttps://dx.doi.org/10.1016/j.scitotenv.2017.11.257$3Available from publisher's site
=912  \\$aArticle
=914  \\$aJournal:jnl4455$b0048-9697$c622-623$e140
=914  \\$fScience of the total environment
=916  \\$aBatch:2104
=917  \\$aissued
=918  2\$aElsevier Consyn$eprovider$5DNAL
=935  \\$aIND606154145$9ExL
=949  \\$a2019-02-08
=953  \\$a/data/metadata/incoming/consyn/783157386678757935-00002-HEAD-ONLY-NEW CONSYN ISSNS.ZIP
=954  \\$afile:/data/metadata/staging/consyn/S0048969717333156.xml
=955  \\$a/data/metadata/staging/consyn/
=961  \\$aUSDA/ARS
=974  \\$aagid:6154145
=983  \\$a2020-11-25
=984  \\$a2020-11-25

