=LDR  04532nab a2200829 u 4500
=001  9915617023507426
=005  20221215142353.0
=008  190318e20170315xx\|||||o|||||||||||eng||
=016  7\$aIND605603640$2DNAL
=024  7\$a10.1016/j.agrformet.2016.12.009$2chorus
=024  7\$a10.1016/j.agrformet.2016.12.009$2doi
=024  7\$a10.1016/j.agrformet.2016.12.009$2chorusOpen
=035  \\$aagid:5603640-01nal_inst
=040  \\$aAGL$beng$cAGL
=100  1\$aSridhar, Venkataramana$eauthor$uBiological Systems Engineering, Virginia Tech, United States
=245  10$aHuman-induced modifications to land surface fluxes and their implications on water management under past and future climate change conditions
=300  \\$ap. 66-79.
=506  \\$aResource is Open Access$uhttp://purl.org/eprint/accessRights/OpenAccess
=506  \\$aCHORUS License Information
=520  \\$aWe used a coupled land-atmospheric simulation framework to quantify the feedback impacts of water resources in a changing climate. The simulations dynamically downscaled data from the North American Regional Reanalysis (NARR) data, Climate Forecast System (CFS) Version 2 and the North American Regional Climate Change Assessment Program (NARCCAP), to investigate irrigation effects on temperatures and surface fluxes under current and future scenarios in Southern Idaho. This study implements irrigation schemes within the Noah Land Surface Model (LSM) coupled with the Weather Research and Forecast (WRF) 3.4 at a 4-km resolution to diagnose irrigation-induced changes to surface energy fluxes and boundary layer properties. Our results suggest that induced cooling via evaporation causes a decrease of 0.8°C to the air temperature over April − October, a decrease of up to 90m of the planetary boundary layer depth and an increase of 2.0°C in the dew point over the irrigated areas. On average, the growing season start date trends 0.46days/year earlier and the growing season termination date trends 0.60days/year later. A decrease in precipitation with time is also seen at all elevation ranges from the year 2040-2070, with the lowest elevation levels seeing a bigger decrease than the higher levels. Thus, irrigation-induced increases in growing degree days and modifications to surface fluxes are shown in the basin and it is critical to consider when planning both crop and water management.
=592  \\$aPublisher supplied data
=593  \\$aPubAg article
=596  \\$cNational Institute of Food and Agriculture$dhttps://doi.org/10.13039/100005825
=596  \\$cNational Science Foundation$dhttps://doi.org/10.13039/100006435
=506  0\$fUnrestricted online access$2star
=650  \3$aair temperature
=650  \3$aanthropogenic activities
=650  \3$aatmospheric precipitation
=650  \3$abasins
=650  \3$aclimate
=650  \3$aclimate change
=650  \3$adewpoint
=650  \3$aenergy flow
=650  \3$aevaporation
=650  \3$agrowing season
=650  \3$aheat sums
=650  \3$airrigated farming
=650  \3$airrigation management
=650  \3$aland
=650  \3$amodels
=650  \3$aplanning
=650  \3$atroposphere
=650  \3$awater resources
=651  \3$aIdaho
=653  \0$aIrrigation
=653  \0$aSurface fluxes
=653  \0$aClimate change
=653  \0$aModeling
=700  1\$aAnderson, Korri A.$eauthor$uNational Weather Service, National Oceanic and Atmospheric Administration, United States
=773  0\$tAgricultural and forest meteorology.$g2017 Mar. 15, v. 234-235 p.66-79$dElsevier B.V.$wJournal:jnl43250$x0168-1923$7nnas
=787  1\$oislandora_article_repository
=787  1\$oproduct_pubag
=787  1\$o(Journal)jnl43250
=856  40$uhttps://dx.doi.org/10.1016/j.agrformet.2016.12.009$3Available from publisher's site
=856  40$uhttp://handle.nal.usda.gov/10113/5603640
=912  \\$aArticle
=914  \\$aJournal:jnl43250$b0168-1923$c234-235$e66
=914  \\$fAgricultural and forest meteorology
=916  \\$aBatch:1614
=917  \\$aissued
=918  2\$aElsevier Consyn$eprovider$5DNAL
=935  \\$aIND605603640$9ExL
=949  \\$a2020-03-06
=953  \\$a/data/metadata/incoming/consyn/46-2-00033-HEAD-ONLY.zip
=954  \\$afile:/data/metadata/staging/consyn/S0168192316307286.xml
=955  \\$a/data/metadata/staging/consyn/
=961  \\$aUSDA
=962  \\$aUSDA Scientist Submission; eISSN 1873-2240
=962  \\$aMissing ISSN
=974  \\$aagid:5603640
=983  \\$a2019-03-18
=984  \\$a2022-09-02

