=LDR  04171nab a2200709 u 4500
=001  9915618548807426
=005  20221215142405.0
=008  200503e20180201xx\|||||o|||||||||||eng||
=016  7\$aIND605654830$2DNAL
=024  7\$a10.1016/j.agee.2017.03.017$2chorus
=024  7\$a10.1016/j.agee.2017.03.017$2doi
=035  \\$aagid:5654830-01nal_inst
=040  \\$aAGL$beng$cAGL
=100  1\$aAntle, John M.$eauthor$uDepartment of Applied Economics, Oregon State University, United States
=245  10$aMethods to assess between-system adaptations to climate change: Dryland wheat systems in the Pacific Northwest United States
=300  \\$ap. 195-207.
=506  \\$aResource is Open Access$uhttp://purl.org/eprint/accessRights/OpenAccess
=506  \\$aCHORUS License Information
=520  \\$aIn this paper we propose to extend methods for agricultural impact assessment to study the adaptations that agricultural producers are likely to consider in response to climate change - i.e., the use of different combinations of crop or livestock species and associated changes in management. Analysis of these kinds of adaptations, referred to here as "between-system adaptations" - requires estimates of the counterfactual productivity and cost of production for prospective systems that are not observable in the locations where they could be used. We propose two methods that we call simulation matching and propensity score matching. We apply and compare the results of these methods in a study of wheat-based systems in the U.S. Pacific Northwest. We find substantial differences between the two methods, but these differences do not appear to be systematic or associated with characteristics of the systems. We conclude that the method used for estimating the productivity of the new system introduces an element of uncertainty into adaptation analysis, in addition to the other data, model and scenario uncertainties. Further research is warranted to evaluate alternative methods for analysis of between-system adaptations and their associated uncertainties.
=592  \\$aPublisher supplied data
=593  \\$aPubAg article
=596  \\$cNational Institute of Food and Agriculture$dhttps://doi.org/10.13039/100005825
=506  0\$fUnrestricted online access$2star
=650  \3$aarid lands
=650  \3$aclimate change
=650  \3$alivestock
=650  \3$amodels
=650  \3$aproduction costs
=650  \3$auncertainty
=650  \3$awheat
=651  \3$aNorthwestern United States
=653  \0$aClimate change
=653  \0$aAdaptation
=653  \0$aDryland wheat system
=653  \0$aSimulation matching
=653  \0$aPropensity score matching
=700  1\$aZhang, Hongliang$eauthor$uDepartment of Applied Economics, Oregon State University, United States
=700  1\$aMu, Jianhong E.$eauthor$uDepartment of Applied Economics, Oregon State University, United States
=700  1\$aAbatzoglou, John$eauthor$uDepartment of Geography, University of Idaho, United States
=700  1\$aStöckle, Claudio$eauthor$uDepartment of Biological Systems Engineering, Washington State University, United States
=773  0\$tAgriculture, ecosystems & environment.$g2018 Feb. 1, v. 253 p.195-207$dElsevier B.V.$wJournal:jnl34709$x0167-8809$7nnas
=787  1\$oislandora_article_repository
=787  1\$oproduct_pubag
=787  1\$o(Journal)jnl34709
=856  40$uhttps://dx.doi.org/10.1016/j.agee.2017.03.017$3Available from publisher's site
=912  \\$aArticle
=914  \\$aJournal:jnl34709$b0167-8809$c253$e195
=914  \\$fAgriculture, ecosystems & environment
=916  \\$aBatch:1716
=917  \\$aissued
=918  2\$aElsevier Consyn$eprovider$5DNAL
=935  \\$aIND605654830$9ExL
=949  \\$a2019-03-18
=953  \\$a/data/metadata/incoming/consyn/122279531279841237-00002-HEAD-ONLY-NEW CONSYN ISSNS.zip
=954  \\$afile:/data/metadata/staging/consyn/S0167880917301391.xml
=955  \\$a/data/metadata/staging/consyn/
=961  \\$aUSDA
=962  \\$aUSDA Scientist Submission; eISSN 0167-8809
=962  \\$aMissing ISSN
=974  \\$aagid:5654830
=983  \\$a2020-05-03
=984  \\$a2022-09-02

