=LDR  03734nab a2200637 u 4500
=001  9915618551007426
=005  20221118233855.0
=008  180102e200312\\xx\|||||o|||||||||||eng||
=016  7\$aIND605875259$2DNAL
=024  7\$a10.1890/025295$2doi
=035  \\$aagid:5875259-01nal_inst
=040  \\$aAGL$beng$cAGL
=100  1\$aLenihan, James M.$eauthor$uUSDA Forest Service Pacific Northwest Research Station, Corvallis, Oregon 97731 USA
=245  10$aClimate change effects on vegetation distribution, carbon, and fire in california
=300  \\$ap. 1667-1681.
=500  \\$aJOURNAL ARTICLE
=520  \\$aThe objective of this study was to dynamically simulate the response of vegetation distribution, carbon, and fire to the historical climate and to two contrasting scenarios of climate change in California. The results of the simulations for the historical climate compared favorably to independent estimates and observations, but validation of the results was complicated by the lack of land use effects in the model. The response to increasing temperatures under both scenarios was characterized by a shift in dominance from needle‐leaved to broad‐leaved life‐forms and by increases in vegetation productivity, especially in the relatively cool and mesic regions of the state. The simulated response to changes in precipitation were complex, involving not only the effect of changes in soil moisture on vegetation productivity, but also changes in tree-grass competition mediated by fire. Summer months were warmer and persistently dry under both scenarios, so the trends in simulated fire area under both scenarios were primarily a response to changes in vegetation biomass. Total ecosystem carbon increased under both climate scenarios, but the proportions allocated to the wood and grass carbon pools differed. The results of the simulations underscore the potentially large impact of climate change on California ecosystems, and the need for further use and development of dynamic vegetation models using various ensembles of climate change scenarios.
=592  \\$aPublisher supplied data
=593  \\$aPubAg article
=650  \3$abiomass
=650  \3$acarbon
=650  \3$acarbon sinks
=650  \3$aclimate
=650  \3$aclimate change
=650  \3$aecosystems
=650  \3$agrasses
=650  \3$aland use
=650  \3$amodels
=650  \3$apopulation distribution
=650  \3$asoil water
=650  \3$atemperature
=650  \3$avegetation
=650  \3$awood
=651  \3$aCalifornia
=700  1\$aDrapek, Raymond$eauthor$uUSDA Forest Service Pacific Northwest Research Station, Corvallis, Oregon 97731 USA
=700  1\$aBachelet, Dominique$eauthor$uDepartment of Bioresource Engineering, Oregon State University, Corvallis, Oregon 97331 USA
=700  1\$aNeilson, Ronald P.$eauthor$uUSDA Forest Service Pacific Northwest Research Station, Corvallis, Oregon 97731 USA
=773  0\$tEcological applications.$g2003 Dec., v. 13, no. 6 p.1667-1681$dEcological Society of America$wJournal:jnl47193$x1051-0761$7nnas
=787  1\$oislandora_article_repository
=787  1\$oproduct_pubag
=787  1\$o(Journal)jnl47193
=856  40$uhttp://dx.doi.org/10.1890/025295$3Available from publisher's site
=912  \\$aArticle
=914  \\$aJournal:jnl47193$b1051-0761$c13$d6$e1667
=914  \\$fEcological applications
=916  \\$aBatch:1909
=917  \\$aissued
=918  2\$aJohn Wiley & Sons, Inc$eprovider$5DNAL
=935  \\$aIND605875259$9ExL
=949  \\$a2018-03-01
=953  \\$a10510761_2003_13_6.xml
=961  \\$aUSDA/FS
=962  \\$aBatch:1909 reviewed on 2018-03-01T15:00:03Z
=974  \\$aagid:5875259
=983  \\$a2018-01-02
=984  \\$a2018-03-01

