=LDR  04654nab a2200661 u 4500
=001  9915619278307426
=005  20221118234818.0
=008  210615e201503\\xx\|||||o|||||||||||eng||
=016  7\$aIND601215297$2DNAL
=024  7\$a10.1007/s10021-014-9822-0$2doi
=035  \\$aagid:1215297-01nal_inst
=040  \\$aAGL$beng$cAGL
=100  1\$aZolkos, Scott G.$eauthor$uWoods Hole Research Center, 149 Woods Hole Road, Falmouth, Massachusetts, 02540, USA. zolkos@ualberta.ca
=245  10$aProjected Tree Species Redistribution Under Climate Change: Implications for Ecosystem Vulnerability Across Protected Areas in the Eastern United States
=300  \\$ap. 202-220.
=520  \\$aThe degree to which tree species will shift in response to climate change is uncertain yet critical to understand for assessing ecosystem vulnerability. We analyze results from recent studies that model potential tree species habitat across the eastern United States during the coming century. Our goals were to quantify and spatially analyze habitat projections and their congruence under multiple climate scenarios and to assess the implications of habitat change for forest vulnerability and adaptation to climate change in and around protected areas. We assessed habitat projections of species habitat extent and forest composition for 35 tree species under climate change from 2000 to 2100 within National Park Service management units in the Appalachian Landscape Conservation Cooperative (ALCC), spanning an approximately 1,500 km latitudinal gradient. Our results show that forest composition and species ranges could change substantially under all greenhouse gas emissions scenarios and that model correspondence was stronger for projections of habitat declines than increases. Model correspondence generally increased at finer spatial scales, but varied by tree species and focal area. In the ALCC, forest composition was projected to change the most in protected area centered ecosystems (PACEs). Northeastern PACEs were projected to be suitable for tree species currently in southeastern PACEs, suggesting that intermediate suitable habitat regions could promote tree species persistence and mitigate the impacts of climate change on eastern forests. These results suggest that climate-specific management of eastern U.S. forest ecosystems will be critical but challenging, requiring integrated assessment and management of PACEs and protected areas as well as higher-resolution monitoring and modeling to inform spatially explicit management decisions within eastern U.S. parks.
=592  \\$aPublisher supplied data
=593  \\$aPubAg article
=650  \3$aparks
=650  \3$amonitoring
=650  \3$agreenhouse gas emissions
=650  \3$amodels
=650  \3$alandscape management
=650  \3$ahabitats
=650  \3$aclimate change
=650  \3$atrees
=650  \3$aspecies diversity
=650  \3$aforest ecosystems
=650  \3$aU.S. National Park Service
=650  \3$aclimate
=650  \3$aconservation areas
=650  \3$aforests
=651  \3$aEastern United States
=700  1\$aJantz, Patrick$eauthor$uWoods Hole Research Center, 149 Woods Hole Road, Falmouth, Massachusetts, 02540, USA
=700  1\$aCormier, Tina$eauthor$uWoods Hole Research Center, 149 Woods Hole Road, Falmouth, Massachusetts, 02540, USA
=700  1\$aIverson, Louis R.$eauthor$uLandscape Change Research Group, Northern Research Station, USDA Forest Service, 359 Main Road, Delaware, Ohio, 43015, USA
=700  1\$aMcKenney, Daniel W.$eauthor$uCanadian Forest Service, Great Lakes Forestry Centre, 1219 Queen Street East, Sault Ste. Marie, Ontario, P6A 2E5, Canada
=700  1\$aGoetz, Scott J.$eauthor$uWoods Hole Research Center, 149 Woods Hole Road, Falmouth, Massachusetts, 02540, USA
=773  0\$tEcosystems.$g2015 Mar., v. 18, no. 2 p.202-220$dSpringer US$wJournal:jnl70038$x1432-9840$7nnas
=787  1\$oislandora_article_repository
=787  1\$oproduct_pubag
=787  1\$o(Journal)jnl70038
=856  40$uhttps://dx.doi.org/10.1007/s10021-014-9822-0$3Available from publisher's site
=912  \\$aArticle
=914  \\$aJournal:jnl70038$b1432-9840$c18$d2$e202
=914  \\$fEcosystems
=916  \\$aBatch:933
=917  \\$aissued
=918  2\$aSpringer$eprovider$5DNAL
=935  \\$aIND601215297$9ExL
=949  \\$a2018-06-19
=953  \\$a/data/metadata/incoming/springer/ftp_PUB_21-06-15_05-22-47.zip
=954  \\$afile:/data/metadata/staging/springer/10021-18-2.xml
=955  \\$a/data/metadata/staging/springer/
=961  \\$aUSDA/FS
=974  \\$aagid:1215297
=983  \\$a2021-06-15
=984  \\$a2021-06-15

