=LDR  04198nab a2200697 u 4500
=001  9915619911007426
=005  20221118231750.0
=008  170712e201706\\xx\|||||o|||||||||||eng||
=016  7\$aIND605712550$2DNAL
=024  7\$a10.1002/ecy.1791$2doi
=024  7\$a10.1002/ecy.1791$2chorus
=035  \\$aagid:5712550-01nal_inst
=040  \\$aAGL$beng$cAGL
=100  1\$aPetrie, M. D.$eauthor
=245  10$aClimate change may restrict dryland forest regeneration in the 21st century
=300  \\$ap. 1548-1559.
=500  \\$aJOURNAL ARTICLE
=500  \\$a2019-12-06
=520  \\$aThe persistence and geographic expansion of dryland forests in the 21st century will be influenced by how climate change supports the demographic processes associated with tree regeneration. Yet, the way that climate change may alter regeneration is unclear. We developed a quantitative framework that estimates forest regeneration potential (RP) as a function of key environmental conditions for ponderosa pine, a key dryland forest species. We integrated meteorological data and climate projections for 47 ponderosa pine forest sites across the western United States, and evaluated RP using an ecosystem water balance model. Our primary goal was to contrast conditions supporting regeneration among historical, mid‐21st century and late‐21st century time frames. Future climatic conditions supported 50% higher RP in 2020-2059 relative to 1910-2014. As temperatures increased more substantially in 2060-2099, seedling survival decreased, RP declined by 50%, and the frequency of years with very low RP increased from 25% to 58%. Thus, climate change may initially support higher RP and increase the likelihood of successful regeneration events, yet will ultimately reduce average RP and the frequency of years with moderate climate support of regeneration. Our results suggest that climate change alone may begin to restrict the persistence and expansion of dryland forests by limiting seedling survival in the late 21st century.
=592  \\$aPublisher supplied data
=593  \\$aPubAg article
=650  \3$ameteorological data
=650  \3$aarid lands
=650  \3$aseedlings
=650  \3$amodels
=650  \3$aconiferous forests
=650  \3$aPinus ponderosa
=650  \3$aclimate change
=650  \3$atrees
=650  \3$aforest regeneration
=650  \3$aecosystems
=650  \3$atemperature
=650  \3$aclimatic factors
=651  \3$aWestern United States
=653  \0$awater balance
=700  1\$aBradford, J. B.$eauthor$uUS Geological Survey, Southwest Biological Science Center, Room #202, 525 S. Beaver Street #5614, Flagstaff, Arizona, 86011, USA
=700  1\$aHubbard, R. M.$eauthor$uUSDA Forest Service, Rocky Mountain Research Station, 240 West Prospect Road, Fort Collins, Colorado, 80526, USA
=700  1\$aLauenroth, W. K.$eauthor$uSchool of Forestry and Environmental Studies, Yale University, New Haven, Connecticut, 06511, USA
=700  1\$aAndrews, C. M.$eauthor$uUS Geological Survey, Southwest Biological Science Center, Room #202, 525 S. Beaver Street #5614, Flagstaff, Arizona, 86011, USA
=700  1\$aSchlaepfer, D. R.$eauthor$uSection of Conservation Biology, Department of Environmental Sciences, University of Basel, St. Johanns‐Vorstadt 10, CH‐4056, Basel, Switzerland
=773  0\$tEcology.$g2017 June, v. 98, no. 6 p.1548-1559$dJohn Wiley & Sons, Ltd$wJournal:jnl40712$x0012-9658$7nnas
=787  1\$oislandora_article_repository
=787  1\$oproduct_pubag
=787  1\$o(Journal)jnl46164
=787  1\$o(Journal)jnl40712
=856  40$uhttp://dx.doi.org/10.1002/ecy.1791$3Available from publisher's site
=912  \\$aArticle
=914  \\$aJournal:jnl46164$b0012-9658$c98$d6$e1548
=914  \\$aJournal:jnl40712$b0012-9658$c98$d6$e1548
=914  \\$fEcology
=916  \\$aBatch:1792
=917  \\$aissued
=918  2\$aJohn Wiley & Sons, Inc$eprovider$5DNAL
=935  \\$aIND605712550$9ExL
=949  \\$a2017-08-28
=953  \\$a00129658_2017_98_6.xml
=961  \\$aUSDA/FS
=962  \\$aBatch:1792 reviewed on 2017-08-28T11:00:03Z
=974  \\$aagid:5712550
=983  \\$a2017-07-12
=984  \\$a2019-09-26

