=LDR  03702nab a2200733 u 4500
=001  9915620237107426
=005  20221118232345.0
=008  140218s2013\\\\xx\|||||o|||||||||||eng||
=016  7\$aIND500734543$2DNAL
=024  7\$a10113/58453$2hdl
=024  7\$a10.1142/S2010007813400022$2doi
=024  8\$ans4066
=035  \\$aagid:58453-01nal_inst
=040  \\$aAGL$beng$cAGL
=100  1\$ade Cian, Enrica$eauthor
=245  10$aEuropean-Led Climate Policy Versus Global Mitigation Action: Implications on Trade, Technology, and Energy
=506  \\$aWorks produced by employees of the U.S. Government as part of their official duties are not copyrighted within the U.S. The content of this document is not copyrighted.
=520  \\$aThis paper examines how changes in an international climate regime would affect the European decarbonization strategy and costs through the mechanisms of trade, technology, and innovation. We present the results from the Energy Modeling Forum (EMF) model comparison study on European climate policy to 2050. Moving from a no-policy scenario to an existing-policies case reduces all energy imports, on average. Introducing a more stringent climate policy target for the EU only leads to slightly greater global emission reductions. Consumers and producers in Europe bear most of the additional burden and inevitably face some economic losses. More ambitious mitigation action outside Europe, especially when paired with a well-operating global carbon market, could reduce the burden for Europe significantly. Because of global learning, the costs of wind and especially solar-PV in Europe would decline below the levels observed in the existing-policy case and increased R&D spending outside the EU would leverage EU R&D investments as well.
=593  \\$aPubAg article
=593  \\$cUSDA submission
=650  \3$aEuropean Union
=650  \3$acarbon markets
=650  \3$aclimate
=650  \3$acost analysis
=650  \3$aenergy
=650  \3$aimports
=650  \3$aissues and policy
=650  \3$alaws and regulations
=650  \3$amodels
=650  \3$awind
=651  \3$aEurope
=700  1\$aKeppo, Ilkka$eauthor
=700  1\$aBollen, Johannes$eauthor
=700  1\$aCarrara, Samuel$eauthor
=700  1\$aForester, Hannah$eauthor
=700  1\$aHubler, Michael$eauthor
=700  1\$aKanudia, Amit$eauthor
=700  1\$aPaltsev, Sergey$eauthor
=700  1\$aSands, Ronald D.$eauthor
=700  1\$aSchumacher, Katja$eauthor
=773  0\$tClimate change economics.$g2013, v. 4$dSingapore World Scientific$wJournal:28338$x2010-0086$7nnas
=787  1\$oislandora_article_repository
=787  1\$oproduct_pubag
=787  1\$oislandora_pubag_with_text
=787  1\$o(Journal)28338
=856  40$uhttps://handle.nal.usda.gov/10113/58453$3Available in the National Agricultural Library PubAg search system
=856  40$uhttp://dx.doi.org/10.1142/S2010007813400022
=912  \\$aArticle
=914  \\$aJournal:28338$b2010-0086$c4
=914  \\$fClimate change economics
=917  \\$aissued
=935  \\$aIND500734543$9ExL
=949  \\$a2021-06-22
=956  \\$aARIS submission$bhttp://submit-u.nal.usda.gov/system/files/submissions/de%20Cian_CCE_November-2013.pdf
=961  \\$aUSDA
=962  \\$aUSDA Scientist Submission
=962  \\$aBatch:462 annotated on 2014-03-04T08:30:43Z
=962  \\$aBatch:462 reviewed on 2014-03-19T16:00:05Z
=962  \\$aBatch:462 reviewed on 2014-03-20T04:00:05Z
=974  \\$aagid:58453
=983  \\$a2014-02-18
=984  \\$a2020-10-06
=985  \\$aUSDA submission converted from Drupal to MODS version 3.4 using submission2mods.xsl (Revision 1.002 2014/01/28)
=986  \\$ans4066

