=LDR  05958nab a2200973 u 4500
=001  9915620244007426
=005  20221214223802.0
=008  190318e20140315xx\|||||o|||||||||||eng||
=016  7\$aIND500734548$2DNAL
=024  7\$a295953$2aris
=024  7\$a10113/58467$2hdl
=024  7\$a10.1016/j.agee.2014.01.004$2doi
=024  8\$ans4079
=035  \\$aagid:58467-01nal_inst
=040  \\$aAGL$beng$cAGL
=100  1\$aMarshall, N.A.$eauthor$uCSIRO Ecosystem Sciences and School of Earth and Environmental Sciences, James Cook University, University Drive, Townsville QLD 4811, Australia
=245  10$aSocial vulnerability to climate change in primary producers: A typology approach
=300  \\$ap. 86-93.
=500  \\$a2019-12-06
=506  \\$aWorks produced by employees of the U.S. Government as part of their official duties are not copyrighted within the U.S. The content of this document is not copyrighted.
=520  \\$aAdaptation of agricultural industries to climate change will make a major difference to the extent of the impacts experienced as a result of climate change. Vulnerability assessments provide the basis for developing strategies to reduce social vulnerability and plan for climate adaptation. Primary industries have been identified as the most vulnerable industry sector globally. We review how primary producers might be socially vulnerable to climate change and develop a 'vulnerability typology' of cattle producers based on survey responses from 240 producers across northern Australia. We measured social vulnerability according to ten indicators of climate sensitivity (resource dependency) and four indicators of adaptive capacity. Using a K-means clustering analysis we identified four main 'types' of cattle producers. Type 1 producers (43%) were vulnerable because they had low strategic skills and low interest in changing behaviour. Mean age was 59 years old, they were weakly networked within the industry and businesses were small. Type II producers (41%) had low strategic skills, poorly managed risk and uncertainty, had medium sized businesses and were 51 years old on average. Only 16% of producers (Type III and IV) appeared to have resilience to change. Type III producers (13.4%) had a stronger psychological and financial buffer, were 52 years old on average, were well networked and managed or owned larger businesses. Type IV producers (2.6%) managed risk well, liked to experiment with options and were interested in change. They were 41 years old on average, managed extremely large properties, were well networked, perceived themselves as responsible for the future productivity of their land and were early adopters of new technology. By providing knowledge of the different ways in which people can be vulnerable to climate change, vulnerability assessments can enable decision-makers to prioritise their efforts, provide a basis for early engagement, and tailor a range of adaptation approaches to most effectively accommodate and support the divergent requirements of different "types" of resource-users.
=592  \\$aPublisher supplied data
=593  \\$aPubAg article
=593  \\$eARIS manuscript
=650  \3$ainnovation adoption
=650  \3$acluster analysis
=650  \3$aage
=650  \3$adecision making
=650  \3$arisk
=650  \3$auncertainty
=650  \3$aindustry
=650  \3$asmall businesses
=650  \3$apeople
=650  \3$aclimate
=650  \3$atrophic relationships
=650  \3$aagroecosystems
=650  \3$arisk management
=650  \3$acattle
=650  \3$aclimate change
=650  \3$acattle production
=650  \3$aself-perception
=650  \3$aland productivity
=650  \3$asurveys
=651  \3$aAustralia
=653  \0$aResource dependency
=653  \0$atechnology
=653  \0$anew technology
=653  \0$aSocial resilience
=653  \0$aClimate sensitivity
=653  \0$aBarriers to change
=653  \0$aAdaptive capacity
=653  \0$aClimate impacts
=700  1\$aStokes, C.J.$eauthor$uCSIRO Ecosystem Sciences, Based at James Cook University, Townsville QLD 4811, Australia
=700  1\$aWebb, N.P.$eauthor$uUSDA-ARS Jornada Experimental Range, Las Cruces, NM 88003-8003, USA
=700  1\$aMarshall, P.A.$eauthor$uGreat Barrier Reef Marine Park Authority, Townsville QLD 4810, Australia
=700  1\$aLankester, A.J.$eauthor$uCSIRO Ecosystem Sciences, Based at James Cook University, Townsville QLD 4811, Australia
=773  0\$tAgriculture, ecosystems & environment.$g2014 Mar. 15, v. 186 p.86-93$dElsevier B.V.$wJournal:jnl34709$x0167-8809$7nnas
=787  1\$oislandora_article_repository
=787  1\$oproduct_pubag
=787  1\$oislandora_pubag_with_text
=787  1\$o(Journal)jnl34709
=856  40$uhttps://dx.doi.org/10.1016/j.agee.2014.01.004$3Available from publisher's site
=856  40$uhttps://handle.nal.usda.gov/10113/58467$3Available in the National Agricultural Library PubAg search system
=912  \\$aArticle
=914  \\$aJournal:jnl34709$c186$e86
=914  \\$fAgriculture, ecosystems & environment
=917  \\$aissued
=918  2\$aElsevier Consyn$eprovider$5DNAL
=935  \\$aIND500734548$9ExL
=949  \\$a2019-03-18
=953  \\$a/data/metadata/incoming/consyn/46-2-00030-HEAD-ONLY.zip
=954  \\$afile:/data/metadata/staging/consyn/S0167880914000097.xml
=955  \\$a/data/metadata/staging/consyn/
=956  \\$aARIS submission$bhttp://submit-u.nal.usda.gov/system/files/submissions/14-002.pdf
=961  \\$aUSDA/ARS
=962  \\$aUSDA Scientist Submission
=962  \\$aBatch:462 annotated on 2014-03-04T08:30:43Z
=962  \\$aBatch:462 reviewed on 2014-03-19T16:00:05Z
=962  \\$aBatch:462 reviewed on 2014-03-20T04:00:05Z
=962  \\$aJournal title changed from 'Agriculture, Ecosystems and Environment'
=974  \\$aagid:58467
=983  \\$a2019-03-18
=984  \\$a2019-03-18
=986  \\$ans4079

