=LDR  04565nab a2200841 u 4500
=001  9915620247907426
=005  20221118232707.0
=008  140218e201401\\xx\|||||o|||||||||||eng||
=016  7\$aIND500721458$2DNAL
=024  7\$a10113/58461$2hdl
=024  7\$a10.1111/agec.12091$2doi
=024  8\$ans4068
=035  \\$aagid:58461-01nal_inst
=040  \\$aAGL$beng$cAGL
=100  1\$aNelson, Gerald C.$eauthor
=245  10$aAgriculture and climate change in global scenarios: why don't the models agree
=300  \\$ap. 85-101.
=506  \\$aWorks produced by employees of the U.S. Government as part of their official duties are not copyrighted within the U.S. The content of this document is not copyrighted.
=520  \\$aAgriculture is unique among economic sectors in the nature of impacts from climate change. The production activity that transforms inputs into agricultural outputs involves direct use of weather inputs (temperature, solar radiation available to the plant, and precipitation). Previous studies of the impacts of climate change on agriculture have reported substantial differences in outcomes such as prices, production, and trade arising from differences in model inputs and model specification. This article presents climate change results and underlying determinants from a model comparison exercise with 10 of the leading global economic models that include significant representation of agriculture. By harmonizing key drivers that include climate change effects, differences in model outcomes were reduced. The particular choice of climate change drivers for this comparison activity results in large and negative productivity effects. All models respond with higher prices. Producer behavior differs by model with some emphasizing area response and others yield response. Demand response is least important. The differences reflect both differences in model specification and perspectives on the future. The results from this study highlight the need to more fully compare the deep model parameters, to generate a call for a combination of econometric and validation studies to narrow the degree of uncertainty and variability in these parameters and to move to Monte Carlo type simulations to better map the contours of economic uncertainty.
=593  \\$aPubAg article
=593  \\$cUSDA submission
=594  \\$aEmbargoed article
=650  \3$aclimate change
=650  \3$aeconometric models
=650  \3$aexercise
=650  \3$aprices
=650  \3$asolar radiation
=650  \3$atemperature
=650  \3$atrade
=650  \3$auncertainty
=700  1\$avan der Mensbrugghe, Dominique$eauthor
=700  1\$aAhammad, Helal$eauthor
=700  1\$aBlanc, Elodie$eauthor
=700  1\$aCalvin, Katherine$eauthor
=700  1\$aHasegawa, Tomoko$eauthor
=700  1\$aHavlik, Petr$eauthor
=700  1\$aHeyhoe, Edwina$eauthor
=700  1\$aKyle, Page$eauthor
=700  1\$aLotze-Campen, Hermann$eauthor
=700  1\$avon Lampe, Martin$eauthor
=700  1\$aMason d'Croz, Daniel$eauthor
=700  1\$avan Meijl, Hans$eauthor
=700  1\$aMuller, Christoph$eauthor
=700  1\$aReilly, John$eauthor
=700  1\$aRobertson, Richard$eauthor
=700  1\$aSands, Ronald D.$eauthor
=700  1\$aSchmitz, Christoph$eauthor
=700  1\$aTabeau, Andrzej$eauthor
=700  1\$aTakahashi, Kiyoshi$eauthor
=700  1\$aValin, Hugo$eauthor
=700  1\$aWillenbockel, Dirk$eauthor
=773  0\$tAgricultural economics.$g2014 Jan., v. 45, no. 1 p.85-101$wJournal:jnl41636$x1574-0862$7nnas
=787  1\$oislandora_article_repository
=787  1\$oproduct_pubag
=787  1\$o(Journal)jnl41636
=856  40$uhttps://handle.nal.usda.gov/10113/58461$3Available in the National Agricultural Library PubAg search system
=856  40$uhttp://dx.doi.org/10.1111/agec.12091
=912  \\$aArticle
=914  \\$aJournal:jnl41636$b0169-5150$c45$d1$e85
=914  \\$fAgricultural economics
=917  \\$aissued
=935  \\$aIND500721458$9ExL
=949  \\$a2014-03-14
=956  \\$aARIS submission$bhttp://submit-u.nal.usda.gov/system/files/submissions/Nelson_AE_January-2014.pdf
=961  \\$aUSDA
=962  \\$aUSDA Scientist Submission
=962  \\$aBatch:461 annotated on 2014-03-04T08:25:03Z
=962  \\$aBatch:461 reviewed on 2014-03-14T11:00:04Z
=974  \\$aagid:58461
=983  \\$a2014-02-18
=984  \\$a2014-02-28
=985  \\$aUSDA submission converted from Drupal to MODS version 3.4 using submission2mods.xsl (Revision 1.002 2014/01/28)
=986  \\$ans4068

