=LDR  03650nab a2200685 u 4500
=001  9915620425707426
=005  20221118232528.0
=008  140218e201312\\xx\|||||o|||||||||||eng||
=016  7\$aIND500734544$2DNAL
=024  7\$a10113/58456$2hdl
=024  7\$a10.1142/S2010007813400046$2doi
=024  8\$ans4067
=035  \\$aagid:58456-01nal_inst
=040  \\$aAGL$beng$cAGL
=100  1\$aForster, Hannah$eauthor
=245  10$aEuropean Energy Efficiency and Decarbonization Strategies Beyond 2030 - A Sectoral Multi-Model Decomposition
=506  \\$aWorks produced by employees of the U.S. Government as part of their official duties are not copyrighted within the U.S. The content of this document is not copyrighted.
=520  \\$aEnergy efficiency and decarbonization are important elements of climate change mitigation. We draw on European mitigation scenarios from the EMF28 modeling exercise to decompose economy-wide and sectoral emissions into their main components. We utilize the Logarithmic Mean Divisia Index (LMDI) to gain insights into five effects: affluence, energy intensity, carbon intensity, conversion efficiency, and structural change. Economy-wide analysis suggests that energy efficiency improvements (including end-use efficiency of production and structural change of the economy) determine emission reductions short to medium term while decarbonization becomes more important in the long term. Sectoral analysis suggests that electricity generation holds the largest potential for decarbonization. Mitigation in the transport and energy-intensive sectors is limited by technology availability, forcing output and energy inputs to decline to meet the given mitigation pathways. We conclude that energy efficiency improvements could bridge the time until carbon-free technologies mature, while their quick development remains essential.
=593  \\$aPubAg article
=593  \\$cUSDA submission
=650  \3$acarbon
=650  \3$aclimate change
=650  \3$aelectricity
=650  \3$aemissions
=650  \3$aenergy efficiency
=650  \3$amodels
=650  \3$aplanning
=650  \3$apower generation
=650  \3$atransportation
=651  \3$aEurope
=700  1\$aSchumacher, Katja$eauthor
=700  1\$ade Cian, Enrica$eauthor
=700  1\$aHubler, Michael$eauthor
=700  1\$aKeppo, Ilkka$eauthor
=700  1\$aMimi, Silvana$eauthor
=700  1\$aSands, Ronald D.$eauthor
=773  0\$tClimate change economics.$g2013 Dec., v. 4$dSingapore World Scientific$wJournal:28338$x2010-0086$7nnas
=787  1\$oislandora_article_repository
=787  1\$oproduct_pubag
=787  1\$oislandora_pubag_with_text
=787  1\$o(Journal)28338
=856  40$uhttps://handle.nal.usda.gov/10113/58456$3Available in the National Agricultural Library PubAg search system
=856  40$uhttp://dx.doi.org/10.1142/S2010007813400046
=912  \\$aArticle
=914  \\$aJournal:28338$b2010-0086$c4
=914  \\$fClimate change economics
=917  \\$aissued
=935  \\$aIND500734544$9ExL
=949  \\$a2021-06-22
=956  \\$aARIS submission$bhttp://submit-u.nal.usda.gov/system/files/submissions/Forster_CCE_December-2013.pdf
=961  \\$aUSDA
=962  \\$aUSDA Scientist Submission
=962  \\$aBatch:462 annotated on 2014-03-04T08:30:43Z
=962  \\$aBatch:462 reviewed on 2014-03-19T16:00:05Z
=962  \\$aBatch:462 reviewed on 2014-03-20T04:00:05Z
=974  \\$aagid:58456
=983  \\$a2014-02-18
=984  \\$a2020-10-06
=985  \\$aUSDA submission converted from Drupal to MODS version 3.4 using submission2mods.xsl (Revision 1.002 2014/01/28)
=986  \\$ans4067

