=LDR  06005nab a2201165 u 4500
=001  9915620887907426
=005  20221207083445.0
=008  150614e20140304xx\|||||o|||||||||||eng||
=016  7\$aIND500736962$2DNAL
=024  7\$a24344285$2pmid
=024  7\$aPMC3948295$2pmcid
=024  7\$a10113/58550$2hdl
=024  7\$a10.1073/pnas.1222465110$2doi
=024  8\$ans4204
=035  \\$aagid:58550-01nal_inst
=040  \\$aAGL$beng$cAGL
=100  1\$aNelson, Gerald C.$eauthor
=245  10$aClimate change effects on agriculture: Economic responses to biophysical shocks
=300  \\$ap. 3274-3279.
=506  \\$aResource is Open Access$uhttp://purl.org/eprint/accessRights/OpenAccess
=506  \\$aWorks produced by employees of the U.S. Government as part of their official duties are not copyrighted within the U.S. The content of this document is not copyrighted.
=520  \\$aAgricultural production is sensitive to weather and thus directly affected by climate change. Plausible estimates of these climate change impacts require combined use of climate, crop, and economic models. Results from previous studies vary substantially due to differences in models, scenarios, and data. This paper is part of a collective effort to systematically integrate these three types of models. We focus on the economic component of the assessment, investigating how nine global economic models of agriculture represent endogenous responses to seven standardized climate change scenarios produced by two climate and five crop models. These responses include adjustments in yields, area, consumption, and international trade. We apply biophysical shocks derived from the Intergovernmental Panel on Climate Change's representative concentration pathway with end-of-century radiative forcing of 8.5 W/m ². The mean biophysical yield effect with no incremental CO ₂ fertilization is a 17% reduction globally by 2050 relative to a scenario with unchanging climate. Endogenous economic responses reduce yield loss to 11%, increase area of major crops by 11%, and reduce consumption by 3%. Agricultural production, cropland area, trade, and prices show the greatest degree of variability in response to climate change, and consumption the lowest. The sources of these differences include model structure and specification; in particular, model assumptions about ease of land use conversion, intensification, and trade. This study identifies where models disagree on the relative responses to climate shocks and highlights research activities needed to improve the representation of agricultural adaptation responses to climate change.
=592  \\$aPublisher supplied data
=593  \\$aPubAg article
=593  \\$cUSDA submission
=594  \\$aEmbargoed article
=506  0\$fUnrestricted online access$2star
=650  \3$aagricultural land
=650  \3$abiophysics
=650  \3$acarbon dioxide
=650  \3$aclimate
=650  \3$aclimate change
=650  \3$acrop models
=650  \3$acrops
=650  \3$aeconometric models
=650  \3$ainternational trade
=650  \3$aland use
=650  \3$aprices
=650  \3$aweathering
=650  \2$aAgriculture$xeconomics
=650  \2$aCarbon Dioxide$xanalysis
=650  \2$aClimate Change
=650  \2$aCommerce$xstatistics & numerical data
=650  \2$aComputer Simulation
=650  \2$aCrops, Agricultural$xgrowth & development
=650  \2$aForecasting
=650  \2$aHumans
=650  \2$aModels, Economic
=653  \0$aclimate change adaptation
=653  \0$amodel intercomparison
=653  \0$aintegrated assessment
=653  \0$aagricultural productivity
=700  1\$aValin, Hugo$eauthor
=700  1\$aSands, Ronald D.$eauthor
=700  1\$aHavlík, Petr$eauthor
=700  1\$aAhammad, Helal$eauthor
=700  1\$aDeryng, Delphine$eauthor
=700  1\$aElliott, Joshua$eauthor
=700  1\$aFujimori, Shinichiro$eauthor
=700  1\$a Hasegawa, Tomoko$eauthor
=700  1\$aHeyhoe, Edwina$eauthor
=700  1\$aKyle, Page$eauthor
=700  1\$aVon Lampe, Martin$eauthor
=700  1\$aLotze-Campen, Hermann$eauthor
=700  1\$aMason d'Croz, Daniel$eauthor
=700  1\$avan Meijl, Hans$eauthor
=700  1\$avan der Mensbrugghe, Dominique$eauthor
=700  1\$aMüller, Christoph$eauthor
=700  1\$aPopp, Alexander$eauthor
=700  1\$aRobertson, Richard$eauthor
=700  1\$aRobinson, Sherman$eauthor
=700  1\$aSchmid, Erwin$eauthor
=700  1\$aSchmitz, Christoph$eauthor
=700  1\$aTabeau, Andrzej$eauthor
=700  1\$aWillenbockel, Dirk$eauthor
=773  0\$tProceedings of the National Academy of Sciences of the United States of America.$g2014 Mar. 4, v. 111, no. 9 p.3274-3279$dNational Academy of Sciences$x0027-8424$7nnas
=787  1\$oislandora_article_repository
=787  1\$oproduct_pubag
=787  1\$o(Journal)jnl45680
=856  40$uhttps://handle.nal.usda.gov/10113/58550$3Available in the National Agricultural Library PubAg search system
=856  40$uhttp://dx.doi.org/10.1073/pnas.1222465110$3Available from publisher's site
=912  \\$aArticle
=914  \\$aJournal:jnl45680$b1091-6490$c111$d9$e3274
=914  \\$fProceedings of the National Academy of Sciences of the United States of America
=917  \\$aissued
=918  2\$aHighWire Press$eprovider$5DNAL
=935  \\$aIND500736962$9ExL
=949  \\$a2014-03-27
=953  \\$apnas_111_9_nlmxml.tar.gz
=956  \\$aARIS submission$bhttp://submit-u.nal.usda.gov/system/files/submissions/Nelson_PNAS_March-2014.pdf
=961  \\$aUSDA
=962  \\$aJournal title changed from 'Proceedings of the National Academy of Sciences'
=962  \\$aUSDA Scientist Submission
=962  \\$aBatch:472 annotated on 2014-03-12T07:39:02Z
=962  \\$aBatch:472 reviewed on 2014-03-26T16:00:05Z
=962  \\$aBatch:472 reviewed on 2014-03-27T04:00:05Z
=974  \\$aagid:58550
=983  \\$a2015-06-14
=984  \\$a2015-06-14
=986  \\$ans4204

