=LDR  04509nab a2200685 u 4500
=001  9915621685607426
=005  20221118233930.0
=008  220214e202204\\xx\|||||o|||||||||||eng||
=016  7\$aIND607610922$2DNAL
=024  7\$a10.1016/j.still.2021.105296$2doi
=035  \\$aagid:7610922-01nal_inst
=040  \\$aAGL$beng$cAGL
=100  1\$aYuan, Lifeng$eauthor$uUSDA-Agricultural Research Service, Grazinglands Research Laboratory, El Reno, OK 73036, USA
=245  10$aModeling surface runoff and soil loss response to climate change under GCM ensembles and multiple cropping and tillage systems in Oklahoma
=520  \\$aTo develop effective conservation practices to respond to future climatic challenges, the effects of various cropping and tillage systems on surface runoff and soil loss need to be evaluated under extensive geographical conditions. This study used a total of 100 climate scenarios generated from 25 downscaled General Circulation Model (GCM) projections under two Representative Concentration Pathways (RCP4.5 and 8.5) during 2021-2050 and 2051-2080. Those 100 future scenarios were combined with 29 cropping and tillage systems to simulate surface runoff, soil erosion, and crop production response to climate change using the Water Erosion Prediction Project (WEPP) model. The results showed that average annual precipitation in central Oklahoma was projected to significantly decrease by 4-6% (p < 0.05) during the two time periods for both RCP scenarios. Mean annual temperatures were projected to significantly increase (p < 0.01) by 1.74 ℃ for RCP4.5 and 1.99 ℃ for RCP8.5 during 2021-2050, and 2.65 ℃ for RCP4.5 and 3.90 ℃ for RCP8.5 during 2051-2080. Annual runoff and soil loss averaged over the two RCPs and all crop types was projected to decrease by approximately 1% and 3%, respectively. Except for cotton, crop yields were predicted to decrease by 10.3%-18.3% during 2021-2080. Simulated annual runoff depth and soil loss separately followed the order of reduced tillage (RT) > delayed tillage (DT) > no-till (NT) > conventional tillage (CT) and RT > CT > DT > NT under future climate scenarios, respectively. If economically feasible, no-till and the crop-alfalfa rotation were the most effective soil conservation method on farmlands to combat projected future erosion due to changing precipitation and temperatures.
=592  \\$aPublisher supplied data
=593  \\$aPubAg article
=650  \3$aGeneral Circulation Models
=650  \3$aWater Erosion Prediction Project
=650  \3$aatmospheric precipitation
=650  \3$aclimate
=650  \3$aclimate change
=650  \3$aconventional tillage
=650  \3$acotton
=650  \3$aeconomic feasibility
=650  \3$ano-tillage
=650  \3$areduced tillage
=650  \3$aresearch
=650  \3$arunoff
=650  \3$asoil
=650  \3$asoil conservation
=650  \3$asoil erosion
=651  \3$aOklahoma
=653  \0$aCropping and tillage systems
=653  \0$aWEPP
=700  1\$aZhang, X.-C. (John)$eauthor$uUSDA-Agricultural Research Service, Grazinglands Research Laboratory, El Reno, OK 73036, USA
=700  1\$aBusteed, Phillip$eauthor$uUSDA-Agricultural Research Service, Grazinglands Research Laboratory, El Reno, OK 73036, USA
=700  1\$aFlanagan, Dennis C.$eauthor$uUSDA-Agricultural Research Service, National Soil Erosion Research Laboratory, West Lafayette, IN 47907, USA
=700  1\$aSrivastava, Anurag$eauthor$uDepartment of Soil and Water Systems, University of Idaho, Moscow, ID 83844, USA
=773  0\$tSoil & tillage research.$g2022 Apr., v. 218 p.105296-$dElsevier B.V.$wJournal:jnl32961$x0167-1987$7nnas
=787  1\$oislandora_article_repository
=787  1\$oproduct_pubag
=787  1\$o(Journal)jnl32961
=856  40$uhttps://dx.doi.org/10.1016/j.still.2021.105296$3Available from publisher's site
=912  \\$aArticle
=914  \\$aJournal:jnl32961$b0167-1987$e105296
=914  \\$fSoil & tillage research
=916  \\$aBatch:10220
=917  \\$aissued
=918  2\$aElsevier Consyn$eprovider$5DNAL
=935  \\$aIND607610922$9ExL
=949  \\$a2022-02-22
=952  \\$dNAL-AP-2-clean
=953  \\$a/data/metadata/incoming/consyn/121526452000847112-00002-HEAD-ONLY-NEW CONSYN ISSNS.zip
=954  \\$afile:/data/metadata/staging/consyn/S016719872100369X.xml
=955  \\$a/data/metadata/staging/consyn/
=961  \\$aUSDA/ARS
=974  \\$aagid:7610922
=983  \\$a2022-02-14
=984  \\$a2022-02-21

