=LDR  09854nab a2201057 u 4500
=001  9915622064507426
=005  20221119123431.0
=008  201124e202012\\xx\|||||o|||||||||||eng||
=016  7\$aIND607183035$2DNAL
=024  7\$a10.1111/gcb.15308$2doi
=035  \\$aagid:7183035-01nal_inst
=040  \\$aAGL$beng$cAGL
=100  1\$aRisch, Anita C.$eauthor$uSwiss Federal Institute for Forest, Snow and Landscape Research, Birmensdorf, Switzerland$1https://orcid.org/0000-0003-0531-8336
=245  10$aGlobal impacts of fertilization and herbivore removal on soil net nitrogen mineralization are modulated by local climate and soil properties
=300  \\$ap. 7173-7185.
=500  \\$aNAL-AP-2-clean
=500  \\$aJOURNAL ARTICLE
=520  \\$aSoil nitrogen (N) availability is critical for grassland functioning. However, human activities have increased the supply of biologically limiting nutrients, and changed the density and identity of mammalian herbivores. These anthropogenic changes may alter net soil N mineralization (soil net Nₘᵢₙ), that is, the net balance between N mineralization and immobilization, which could severely impact grassland structure and functioning. Yet, to date, little is known about how fertilization and herbivore removal individually, or jointly, affect soil net Nₘᵢₙ across a wide range of grasslands that vary in soil and climatic properties. Here we collected data from 22 grasslands on five continents, all part of a globally replicated experiment, to assess how fertilization and herbivore removal affected potential (laboratory‐based) and realized (field‐based) soil net Nₘᵢₙ. Herbivore removal in the absence of fertilization did not alter potential and realized soil net Nₘᵢₙ. However, fertilization alone and in combination with herbivore removal consistently increased potential soil net Nₘᵢₙ. Realized soil net Nₘᵢₙ, in contrast, significantly decreased in fertilized plots where herbivores were removed. Treatment effects on potential and realized soil net Nₘᵢₙ were contingent on site‐specific soil and climatic properties. Fertilization effects on potential soil net Nₘᵢₙ were larger at sites with higher mean annual precipitation (MAP) and temperature of the wettest quarter (T.q.wet). Reciprocally, realized soil net Nₘᵢₙ declined most strongly with fertilization and herbivore removal at sites with lower MAP and higher T.q.wet. In summary, our findings show that anthropogenic nutrient enrichment, herbivore exclusion and alterations in future climatic conditions can negatively impact soil net Nₘᵢₙ across global grasslands under realistic field conditions. This is an important context‐dependent knowledge for grassland management worldwide.
=592  \\$aPublisher supplied data
=593  \\$aPubAg article
=596  \\$cWSL
=596  \\$aNSF‐DEB‐1042132$cNational Science Foundation Research Coordination Network
=596  \\$aNSF‐DEB‐1234162$cLong‐Term Ecological Research (LTER) program
=596  \\$aDG‐0001‐13$cInstitute on the Environment at the University of Minnesota
=596  \\$aFZT 118$cGerman Research Foundation
=596  \\$cTERN Great Western Woodlands Supersite
=596  \\$aUIDB/00239/2020$cCEF
=596  \\$cUSDA‐ARS
=650  \3$aatmospheric precipitation
=650  \3$aglobal change
=650  \3$agrassland management
=650  \3$agrasslands
=650  \3$aherbivores
=650  \3$ahumans
=650  \3$amineralization
=650  \3$anitrogen
=650  \3$atemperature
=700  1\$aZimmermann, Stefan$eauthor$uSwiss Federal Institute for Forest, Snow and Landscape Research, Birmensdorf, Switzerland$1https://orcid.org/0000-0002-7085-0284
=700  1\$aMoser, Barbara$eauthor$uSwiss Federal Institute for Forest, Snow and Landscape Research, Birmensdorf, Switzerland$1https://orcid.org/0000-0002-4305-7192
=700  1\$aSchütz, Martin$eauthor$uSwiss Federal Institute for Forest, Snow and Landscape Research, Birmensdorf, Switzerland
=700  1\$aHagedorn, Frank$eauthor$uSwiss Federal Institute for Forest, Snow and Landscape Research, Birmensdorf, Switzerland
=700  1\$aFirn, Jennifer$eauthor$uSchool of Earth, Environmental and Biological Sciences, Science and Engineering Faculty, Queensland University of Technology (QUT), Brisbane, Qld, Australia$1https://orcid.org/0000-0001-6026-8912
=700  1\$aFay, Philip A.$eauthor$uUSDA‐ARS Grassland, Soil, and Water Research Laboratory, Temple, TX, USA
=700  1\$aAdler, Peter B.$eauthor$uDepartment of Wildland Resources and the Ecology Center, Utah State University, Logan, UT, USA
=700  1\$aBiederman, Lori A.$eauthor$uDepartment of Ecology, Evolution, and Organismal Biology, Iowa State University, Ames, IA, USA$1https://orcid.org/0000-0003-2171-7898
=700  1\$aBlair, John M.$eauthor$uDivision of Biology, Kansas State University, Manhattan, KS, USA$1https://orcid.org/0000-0003-0072-0721
=700  1\$aBorer, Elizabeth T.$eauthor$uDepartment of Ecology, Evolution, and Behavior, University of Minnesota, St. Paul, MN, USA$1https://orcid.org/0000-0003-2259-5853
=700  1\$aBroadbent, Arthur A. D.$eauthor$uDepartment of Earth and Environmental Sciences, The University of Manchester, Manchester, UK$1https://orcid.org/0000-0002-8438-7163
=700  1\$aBrown, Cynthia S.$eauthor$uDepartment of Agricultural Biology, Graduate Degree Program in Ecology, Colorado State University, Fort Collins, CO, USA$1https://orcid.org/0000-0001-8486-7119
=700  1\$aCadotte, Marc W.$eauthor$uDepartment of Biological Sciences, University of Toronto‐Scarborough, Toronto, ON, Canada
=700  1\$aCaldeira, Maria C.$eauthor$uCentro de Estudos Florestais, Instituto Superior de Agronomia, Universidade de Lisboa, Lisbon, Portugal$1https://orcid.org/0000-0002-3586-8526
=700  1\$aDavies, Kendi F.$eauthor$uDepartment of Ecology and Evolutionary Biology, University of Colorado, Boulder, CO, USA
=700  1\$adi Virgilio, Augustina$eauthor$uGrupo de Investigaciones en Biología de la Conservación, INIBIOMA (CONICET‐UNCOMA), Bariloche, Argentina
=700  1\$aEisenhauer, Nico$eauthor$uGerman Centre for Integrative Biodiversity Research (iDiv) Halle‐Jena‐Leipzig, Leipzig, Germany$1https://orcid.org/0000-0002-0371-6720
=700  1\$aEskelinen, Anu$eauthor$uGerman Centre for Integrative Biodiversity Research (iDiv) Halle‐Jena‐Leipzig, Leipzig, Germany$1https://orcid.org/0000-0003-1707-5263
=700  1\$aKnops, Johannes M. H.$eauthor$uDepartment of Health & Environmental Sciences, Xi'an Jiaotong Liverpool University, Suzhou, China
=700  1\$aMacDougall, Andrew S.$eauthor$uDepartment of Integrative Biology, University of Guelph, Guelph, ON, Canada
=700  1\$aMcCulley, Rebecca L.$eauthor$uDepartment of Plant and Soil Sciences, University of Kentucky, Lexington, KY, USA$1https://orcid.org/0000-0002-2393-0599
=700  1\$aMelbourne, Brett A.$eauthor$uDepartment of Ecology and Evolutionary Biology, University of Colorado, Boulder, CO, USA
=700  1\$aMoore, Joslin L.$eauthor$uSchool of Biological Sciences, Monash University, Clayton Campus, Vic., Australia$1https://orcid.org/0000-0001-9809-5092
=700  1\$aPower, Sally A.$eauthor$uHawkesbury Institute for the Environment, Western Sydney University, Penrith, NSW, Australia$1https://orcid.org/0000-0002-2723-8671
=700  1\$aProber, Suzanne M.$eauthor$uCSIRO Land and Water, Wembley, WA, Australia
=700  1\$aSeabloom, Eric W.$eauthor$uDepartment of Ecology, Evolution, and Behavior, University of Minnesota, St. Paul, MN, USA$1https://orcid.org/0000-0001-6780-9259
=700  1\$aSiebert, Julia$eauthor$uGerman Centre for Integrative Biodiversity Research (iDiv) Halle‐Jena‐Leipzig, Leipzig, Germany$1https://orcid.org/0000-0001-9720-4146
=700  1\$aSilveira, Maria L.$eauthor$uRange Cattle Research and Education Center, University of Florida, Ona, FL, USA
=700  1\$aSpeziale, Karina L.$eauthor$uGrupo de Investigaciones en Biología de la Conservación, INIBIOMA (CONICET‐UNCOMA), Bariloche, Argentina$1https://orcid.org/0000-0003-2224-2097
=700  1\$aStevens, Carly J.$eauthor$uLancaster Environment Centre, Lancaster University, Lancaster, UK$1https://orcid.org/0000-0002-2390-1763
=700  1\$aTognetti, Pedro M.$eauthor$uFacultad de Agronomía, IFEVA, Universidad de Buenos Aires, CONICET, Buenos Aires, Argentina$1https://orcid.org/0000-0001-7358-1334
=700  1\$aVirtanen, Risto$eauthor$uDepartment of Ecology and Genetics, University of Oulu, Oulu, Finland$1https://orcid.org/0000-0002-8295-8217
=700  1\$aYahdjian, Laura$eauthor$uFacultad de Agronomía, IFEVA, Universidad de Buenos Aires, CONICET, Buenos Aires, Argentina$1https://orcid.org/0000-0002-9635-1221
=700  1\$aOchoa‐Hueso, Raul$eauthor$uDepartment of Biology, University of Cádiz, Puerto Real, Spain$1https://orcid.org/0000-0002-1839-6926
=773  0\$tGlobal change biology.$g2020 Dec., v. 26, no. 12 p.7173-7185$dJohn Wiley & Sons, Ltd$wJournal:jnl57021$x1354-1013$7nnas
=787  1\$oislandora_article_repository
=787  1\$oproduct_pubag
=787  1\$o(Journal)jnl57021
=856  40$uhttp://dx.doi.org/10.1111/gcb.15308$3Available from publisher's site
=912  \\$aArticle
=914  \\$aJournal:jnl57021$b1354-1013$c26$d12$e7173
=914  \\$fGlobal change biology
=916  \\$aBatch:10149
=917  \\$aissued
=918  2\$aJohn Wiley & Sons, Inc$eprovider$5DNAL
=935  \\$aIND607183035$9ExL
=949  \\$a2021-06-18
=953  \\$a/data/metadata/incoming/wiley/13541013_2020_26_12.xml
=954  \\$afile:/data/metadata/staging/wiley/13541013_2020_26_12.xml
=955  \\$a/data/metadata/staging/wiley/
=961  \\$aUSDA/ARS
=974  \\$aagid:7183035
=983  \\$a2020-11-24
=984  \\$a2021-06-18

