=LDR  05157nab a2200733 u 4500
=001  9915622118907426
=005  20221214225837.0
=008  210730e202107\\xx\|||||o|||||||||||eng||
=016  7\$aIND607462904$2DNAL
=024  7\$a378079$2aris
=024  7\$a10113/7462904$2hdl
=024  7\$a10.1002/ecs2.3645$2doi
=024  7\$a378079$2seq_no_115
=024  7\$a3080-21220-006-000D$2aris_project_no
=024  7\$a430020$2aris_accn_no
=035  \\$aagid:7462904-01nal_inst
=040  \\$aAGL$beng$cAGL
=100  1\$aRoeder, Karl A.$eauthor$uAgricultural Research Service, North Central Agricultural Research Laboratory, USDA, Brookings, South Dakota, 57006, USA$1https://orcid.org/0000-0002-2628-5003
=245  10$aThermal traits predict the winners and losers under climate change: an example from North American ant communities
=500  \\$aJOURNAL ARTICLE
=520  \\$aAcross the globe, temperatures are predicted to increase with consequences for many taxonomic groups. Arthropods are particularly at risk as temperature imposes physiological constraints on growth, survival, and reproduction. Given that arthropods may be disproportionately affected in a warmer climate-the question becomes which taxa are vulnerable and can we predict the supposed winners and losers of climate change? To address this question, we resurveyed 33 ant communities, quantifying 20‐yr differences in the incidence of 28 genera. Each North American ant community was surveyed with 30 1‐m² plots, and the incidence of each genus across the 30 plots was used to estimate change. From the original surveys in 1994-1997 to the resurveys in 2016-2017, temperature increased on average 1°C (range, −0.4°C to 2.5°C) and ~64% of ant genera increased in more than half of the sampled communities. To test Thermal Performance Theory's prediction that genera with higher average thermal limits will tend to accumulate at the expense of those with lower limits, we quantified critical thermal maxima (CTₘₐₓ: the high temperatures at which they lose muscle control) and minima (CTₘᵢₙ: the low temperatures at which ants first become inactive) for common genera at each site. Consistent with prediction, we found a positive decelerating relationship between CTₘₐₓ and the proportion of sites in which a genus had increased. CTₘᵢₙ, by contrast, was not a useful predictor of change. There was a strong positive correlation (r = 0.85) between the proportion of sites where a genus was found with higher incidence after 20 yr and the average difference in number of plots occupied per site, suggesting genera with high CTₘₐₓ values tended to occupy more plots at more sites after 20 yr. Thermal functional traits like CTₘₐₓ have thus proved useful in predicting patterns of long‐term community change in a dominant, diverse insect taxon.
=592  \\$aPublisher supplied data
=593  \\$aPubAg article
=596  \\$a1550731$cDivision of Environmental Biology
=593  \\$eARIS manuscript
=650  \3$aFormicidae
=650  \3$aair temperature
=650  \3$aant colonies
=650  \3$acold stress
=650  \3$acold tolerance
=650  \3$ageographical variation
=650  \3$aglobal warming
=650  \3$aheat stress
=650  \3$aheat tolerance
=650  \3$ainsect surveys
=651  \3$aNorth America
=700  1\$aBujan, Jelena$eauthor$uDepartment of Biology, Geographical Ecology Group, University of Oklahoma, Norman, Oklahoma, 73019, USA$1https://orcid.org/0000-0002-7938-0266
=700  1\$ade Beurs, Kirsten M.$eauthor$uDepartment of Geography and Environmental Sustainability, University of Oklahoma, Norman, Oklahoma, 73019, USA
=700  1\$aWeiser, Michael D.$eauthor$uDepartment of Biology, Geographical Ecology Group, University of Oklahoma, Norman, Oklahoma, 73019, USA$1https://orcid.org/0000-0001-9080-0834
=700  1\$aKaspari, Michael$eauthor$uDepartment of Biology, Geographical Ecology Group, University of Oklahoma, Norman, Oklahoma, 73019, USA$1https://orcid.org/0000-0002-9717-5768
=773  0\$tEcosphere.$g2021 July, v. 12, no. 7 p.e03645-$dJohn Wiley & Sons, Ltd$wJournal:12363$x2150-8925$7nnas
=787  1\$oislandora_article_repository
=787  1\$oproduct_pubag
=787  1\$o(Journal)12363
=856  40$uhttps://handle.nal.usda.gov/10113/7462904$3Available in the National Agricultural Library PubAg search system
=856  40$uhttps://dx.doi.org/10.1002/ecs2.3645$3Available from publisher's site
=912  \\$aArticle
=914  \\$aJournal:12363$b2150-8925$c12$d7$ee03645
=914  \\$fEcosphere
=916  \\$aBatch:10177
=917  \\$aissued
=918  2\$aJohn Wiley & Sons, Inc$eprovider$5DNAL
=935  \\$aIND607462904$9ExL
=949  \\$a2022-01-27
=952  \\$dgolden set
=953  \\$a/data/metadata/incoming/wiley/21508925_2021_12_7.xml
=954  \\$afile:/data/metadata/staging/wiley/21508925_2021_12_7.xml
=955  \\$a/data/metadata/staging/wiley/
=961  \\$aUSDA/ARS
=962  \\$aARIS manuscript submission
=962  \\$aARIS Manuscript
=974  \\$aagid:7462904
=983  \\$a2021-07-30
=984  \\$a2022-01-27

