=LDR  03458nab a2200661 u 4500
=001  9915629399707426
=005  20221119114309.0
=008  131210e201103\\xx\|||||o|||||||||||eng||
=016  7\$aIND44495434$2DNAL
=024  7\$a10.1007/s10584-010-9879-5$2doi
=035  \\$aagid:426991-01nal_inst
=040  \\$aAGL$beng$cAGL
=100  1\$aZiska, Lewis H.$eauthor$uCrop Systems and Global Change Laboratory, USDA-ARS, Beltsville, MD, 20705, USA, l.ziska@ars.usda.gov
=245  10$aInvasive species and climate change: an agronomic perspective
=300  \\$ap. 13-42.
=500  \\$a2019-12-06
=520  \\$aIn the current review we wish to draw attention to an additional aspect of invasive species and climate change, that of agricultural productivity and food security. We recognize that at present, such a review remains, in part, speculative, and more illustrative than definitive. However, recent events on the global stage, particularly in regard to the number of food riots that occurred during 2008, even at a time of record harvests, have prompted additional interest in those factors, including invasive species, which could, through climatic uncertainty, alter food production. To that end, as agricultural scientists, we wish to begin an initial evaluation of key questions related to food production and climate change including: how vulnerable is agriculture to invasive species?; are current pest management strategies sufficient to control invasive outbreaks in the future?; what are the knowledge gaps?; can we provide initial recommendations for scientists, land managers and policy makers in regard to available resources? Our overall goals are to begin a synthesis of potential impacts on productivity, to identify seminal research areas that can be addressed in future research, and to provide the scientific basis to allow agronomists and land managers to formulate mitigation and adaptation options regarding invasive species and climate change as a means to maintain food security.
=592  \\$aPublisher supplied data
=593  \\$aPubAg article
=650  \3$aharvest date
=650  \3$apest management
=650  \3$afoods
=650  \3$amanagers
=650  \3$aland policy
=650  \3$auncertainty
=650  \3$aagronomists
=650  \3$aclimate change
=650  \3$afood security
=650  \3$afood production
=650  \3$ascientists
=650  \3$ainvasive species
=650  \3$arisk reduction
=653  \0$aadaptation
=700  1\$aBlumenthal, Dana M.$eauthor
=700  1\$aRunion, G. Brett$eauthor
=700  1\$aHunt, E. Raymond, Jr$cJr$eauthor
=700  1\$aDiaz-Soltero, Hilda$eauthor
=773  0\$tClimatic change.$g2011 Mar., v. 105, no. 1-2 p.13-42$dSpringer-Verlag$x0165-0009$7nnas
=787  1\$oislandora_article_repository
=787  1\$oproduct_pubag
=787  1\$o(Journal)jnl8952
=856  40$uhttp://dx.doi.org/10.1007/s10584-010-9879-5
=912  \\$aArticle
=914  \\$aJournal:jnl8952$b0165-0009$c105$d1-2$e13
=914  \\$fClimatic change
=917  \\$aissued
=918  2\$aSpringer$eprovider$5DNAL
=935  \\$aIND44495434$9ExL
=949  \\$a2013-03-27
=951  \\$a2013-12-10
=953  \\$aftp_PUB_13-12-10_05-26-52.zip
=961  \\$aUSDA/ARS
=962  \\$aBatch:159 annotated on 2013-03-14T09:46:00Z
=962  \\$aBatch:159 reviewed on 2013-03-27T16:00:02Z
=974  \\$aagid:426991
=983  \\$a2013-12-10
=984  \\$a2013-12-10
=986  \\$a4495434

