=LDR  04804nab a2200757 u 4500
=001  9915629842607426
=005  20221119120259.0
=008  141127e201407\\xx\|||||o|||||||||||eng||
=016  7\$aIND601189190$2DNAL
=024  7\$a24501178$2pmid
=024  7\$a10.1093/jxb/eru009$2doi
=035  \\$aagid:1189190-01nal_inst
=040  \\$aAGL$beng$cAGL
=100  1\$aPolley, H. Wayne$eauthor$uUSDA-Agricultural Research Service, Grassland, Soil & Water Research Laboratory, Temple, Texas, 76502, USA
=245  10$aImpacts of climate change drivers on C₄ grassland productivity: scaling driver effects through the plant community
=300  \\$ap. 3415-3424.
=520  \\$aClimate change drivers affect plant community productivity via three pathways: (i) direct effects of drivers on plants; (ii) the response of species abundances to drivers (community response); and (iii) the feedback effect of community change on productivity (community effect). The contribution of each pathway to driver-productivity relationships depends on functional traits of dominant species. We used data from three experiments in Texas, USA, to assess the role of community dynamics in the aboveground net primary productivity (ANPP) response of C₄ grasslands to two climate drivers applied singly: atmospheric CO₂ enrichment and augmented summer precipitation. The ANPP-driver response differed among experiments because community responses and effects differed. ANPP increased by 80-120g m⁻² per 100 μl l⁻¹ rise in CO₂ in separate experiments with pasture and tallgrass prairie assemblages. Augmenting ambient precipitation by 128mm during one summer month each year increased ANPP more in native than in exotic communities in a third experiment. The community effect accounted for 21-38% of the ANPP CO₂ response in the prairie experiment but little of the response in the pasture experiment. The community response to CO₂ was linked to species traits associated with greater soil water from reduced transpiration (e.g. greater height). Community effects on the ANPP CO₂ response and the greater ANPP response of native than exotic communities to augmented precipitation depended on species differences in transpiration efficiency. These results indicate that feedbacks from community change influenced ANPP-driver responses. However, the species traits that regulated community effects on ANPP differed from the traits that determined how communities responded to drivers.
=592  \\$aPublisher supplied data
=593  \\$aPubAg article
=650  \3$aclimate change
=650  \3$agrasslands
=650  \3$aplant communities
=650  \2$aBiomass
=650  \2$aCarbon Dioxide$xmetabolism
=650  \2$aClimate Change
=650  \2$aDemography
=650  \2$aGrassland
=650  \2$aPlant Transpiration$xphysiology
=650  \2$aPoaceae$xphysiology
=650  \2$aWater$xphysiology
=651  \0$aTexas
=653  \0$aAtmospheric CO2 concentration
=653  \0$aC4 perennial grassland
=653  \0$aevapotranspiration
=653  \0$aexotic plants
=653  \0$aplant community composition
=653  \0$apasture
=653  \0$aprecipitation
=653  \0$atallgrass prairie
=653  \0$atranspiration efficiency
=653  \0$awater-use efficiency.
=700  1\$aDerner, Justin D.$eauthor$uUSDA-Agricultural Research Service, High Plains Grasslands Research Station, Cheyenne, Wyoming, 82009, USA
=700  1\$aJackson, Robert B.$eauthor$uNicholas School of the Environment, Duke University, Durham, North Carolina 27708, USA
=700  1\$aWilsey, Brian J.$eauthor$uDepartment of Ecology, Evolution and Organismal Biology, Iowa State University, Ames, Iowa 50011, USA
=700  1\$aFay, Philip A.$eauthor$uUSDA-Agricultural Research Service, Grassland, Soil & Water Research Laboratory, Temple, Texas, 76502, USA
=773  0\$tJournal of experimental botany.$g2014 July, v. 65, no. 13 p.3415-3424$dOxford University Press [etc.]$wJournal:jnl44658$x0022-0957$7nnas
=787  1\$oislandora_article_repository
=787  1\$oproduct_pubag
=787  1\$o(Journal)jnl44658
=856  40$uhttp://dx.doi.org/10.1093/jxb/eru009$3Available from publisher's site
=912  \\$aArticle
=914  \\$aJournal:jnl44658$b0022-0957$c65$d13$e3415
=914  \\$fJournal of experimental botany
=916  \\$aBatch:738
=917  \\$aissued
=918  2\$aHighWire Press$eprovider$5DNAL
=935  \\$aIND601189190$9ExL
=949  \\$a2014-12-29
=953  \\$ajexbot_65_13_nlmxml.tar.gz
=961  \\$aUSDA/ARS
=962  \\$aBatch:738 annotated on 2014-12-08T12:07:50Z
=962  \\$aBatch:738 reviewed on 2014-12-29T11:00:02Z
=962  \\$aBatch:738 reviewed on 2014-12-29T16:00:02Z
=974  \\$aagid:1189190
=983  \\$a2014-11-27
=984  \\$a2014-11-27

