=LDR  05102nab a2200685 u 4500
=001  9915632185007426
=005  20221119132920.0
=008  191019e20181101xx\|||||o|||||||||||eng||
=016  7\$aIND606738566$2DNAL
=024  7\$a10.1093/sysbio/syy017$2doi
=035  \\$aagid:6738566-01nal_inst
=040  \\$aAGL$beng$cAGL
=100  1\$aMaguire, Kaitlin C$eauthor$uU.S. Geological Survey, Forest and Rangeland Ecosystem Science Center, 970 S. Lusk Street Boise, ID 83706, USA
=245  10$aIntraspecific Niche Models for Ponderosa Pine (Pinus ponderosa) Suggest Potential Variability in Population-Level Response to Climate Change
=300  \\$ap. 965-978.
=520  \\$aUnique responses to climate change can occur across intraspecific levels, resulting in individualistic adaptation or movement patterns among populations within a given species. Thus, the need to model potential responses among genetically distinct populations within a species is increasingly recognized. However, predictive models of future distributions are regularly fit at the species level, often because intraspecific variation is unknown or is identified only within limited sample locations. In this study, we considered the role of intraspecific variation to shape the geographic distribution of ponderosa pine (Pinus ponderosa), an ecologically and economically important tree species in North America. Morphological and genetic variation across the distribution of ponderosa pine suggest the need to model intraspecific populations: the two varieties (var. ponderosa and var. scopulorum) and several haplotype groups within each variety have been shown to occupy unique climatic niches, suggesting populations have distinct evolutionary lineages adapted to different environmental conditions. We utilized a recently available, geographically widespread dataset of intraspecific variation (haplotypes) for ponderosa pine and a recently devised lineage distance modeling approach to derive additional, likely intraspecific occurrence locations. We confirmed the relative uniqueness of each haplotype-climate relationship using a niche-overlap analysis, and developed ecological niche models (ENMs) to project the distribution for two varieties and eight haplotypes under future climate forecasts. Future projections of haplotype niche distributions generally revealed greater potential range loss than predicted for the varieties. This difference may reflect intraspecific responses of distinct evolutionary lineages. However, directional trends are generally consistent across intraspecific levels, and include a loss of distributional area and an upward shift in elevation. Our results demonstrate the utility in modeling intraspecific response to changing climate and they inform management and conservation strategies, by identifying haplotypes and geographic areas that may be most at risk, or most secure, under projected climate change.
=592  \\$aPublisher supplied data
=593  \\$aPubAg article
=650  \3$aPinus ponderosa
=650  \3$aclimate change
=650  \3$adata collection
=650  \3$aenvironmental factors
=650  \3$agenetic variation
=650  \3$ageographical distribution
=650  \3$ahaplotypes
=650  \3$aintraspecific variation
=650  \3$aniches
=650  \3$atrees
=650  \3$aweather forecasting
=651  \3$aNorth America
=653  \0$aEcological niche modeling
=653  \0$ahaplotype
=653  \0$arange shift
=653  \0$aconservation
=653  \0$aclimate-plant relationships
=700  1\$aShinneman, Douglas J$eauthor$uU.S. Geological Survey, Forest and Rangeland Ecosystem Science Center, 970 S. Lusk Street Boise, ID 83706, USA
=700  1\$aPotter, Kevin M$eauthor$uDepartment of Forestry and Environmental Resources, North Carolina State University, Research Triangle Park, NC 27695, USA
=700  1\$aHipkins, Valerie D$eauthor$uNational Forest Genetics Laboratory, USDA Forest Service, 2480 Carson Road, Placerville, CA 95667, USA
=700  1\$aMatzke, Nicholas$eauthor$uU.S. Geological Survey, Forest and Rangeland Ecosystem Science Center, 970 S. Lusk Street Boise, ID 83706, USA
=773  0\$tSystematic biology.$g2018 Nov. 01, v. 67, no. 6 p.965-978$dOxford University Press$wJournal:jnl4357890$x1076-836X$7nnas
=787  1\$oislandora_article_repository
=787  1\$oproduct_pubag
=787  1\$o(Journal)jnl4357890
=856  40$uhttp://dx.doi.org/10.1093/sysbio/syy017$3Available from publisher's site
=912  \\$aArticle
=914  \\$aJournal:jnl4357890$b1076-836X$c67$d6$e965
=914  \\$fSystematic biology
=916  \\$aBatch:2406
=917  \\$aissued
=918  2\$aOxford University Press$eprovider$5DNAL
=935  \\$aIND606738566$9ExL
=949  \\$a2020-02-11
=953  \\$a/data/metadata/incoming/oxford/sysbio67_6xml.zip
=954  \\$afile:/data/metadata/staging/oxford/syy017.xml
=955  \\$a/data/metadata/staging/oxford/
=961  \\$aUSDA/FS
=962  \\$aBatch:2406 reviewed on 2020-02-11T11:00:03Z
=974  \\$aagid:6738566
=983  \\$a2019-10-19
=984  \\$a2020-02-11

