=LDR  03224nab a2200637 u 4500
=001  9915633186007426
=005  20221215142848.0
=008  221002e201903\\xx\|||||o|||||||||||eng||
=016  7\$aIND607338565$2DNAL
=024  7\$a10113/7338565$2hdl
=024  7\$a10.1029/2018ef001091$2doi
=024  7\$a10.1029/2018ef001091$2chorus
=035  \\$aagid:7338565-01nal_inst
=040  \\$aAGL$beng$cAGL
=100  1\$eauthor$uRocky Mountain Research Station, U.S. Forest Service  Fort Collins CO USA
=245  10$aAdaptation to Future Water Shortages in the United States Caused by Population Growth and Climate Change
=506  \\$aResource is Open Access$uhttp://purl.org/eprint/accessRights/OpenAccess
=506  \\$aCHORUS License Information
=520  \\$aPopulation growth and climate change will combine to pose substantial challenges for water management in the United States. Projections of water supply and demand over the 21st century show that in the absence of further adaptation efforts, serious water shortages are likely in some regions. Continued improvements in water use efficiency are likely but will be insufficient to avoid future shortages. Some adaptation measures that have been effective in the past, most importantly large additions to reservoir storage, have little promise. Other major adaptations commonly used in the past, especially instream flow removals and groundwater mining, can substantially lower shortages but have serious external costs. If those costs are to be avoided, transfers from irrigated agriculture probably will be needed and could be substantial.
=592  \\$aPublisher supplied data
=593  \\$aPubAg article
=596  \\$cU.S. Forest Service
=506  0\$fUnrestricted online access$2star
=650  \3$aclimate change
=650  \3$agroundwater
=650  \3$airrigated farming
=650  \3$apopulation growth
=650  \3$astream flow
=650  \3$asupply balance
=650  \3$awater management
=650  \3$awater use efficiency
=700  1\$eauthor$uStantec, Inc.  Laurel MD USA
=700  1\$eauthor$uDepartment of Civil and Environmental Engineering Colorado State University  Fort Collins CO USA
=773  0\$tEarth's Future.$dAmerican Geophysical Union (AGU)$x2328-4277$7nnas
=787  1\$oislandora_article_repository
=787  1\$oproduct_pubag
=787  1\$o(Journal)21311
=856  40$uhttps://handle.nal.usda.gov/10113/7338565$3Available in the National Agricultural Library PubAg search system
=856  40$uhttps://dx.doi.org/10.1029/2018ef001091$3Available from publisher's site
=912  \\$aArticle
=914  \\$aJournal:21311$c7$d3$e219
=914  \\$fEarth's Future
=916  \\$aBatch:10189
=917  \\$aissued
=918  2\$aCHORUS$eprovider$5DNAL
=935  \\$aIND607338565$9ExL
=949  \\$a2022-05-02
=952  \\$dNAL-AP-2-clean
=955  \\$a/data/metadata/staging/chorus
=961  \\$aUSDA
=962  \\$aUSDA Scientist Submission
=962  \\$aUSDA Scientist Submission; eISSN 2328-4277
=974  \\$aagid:7338565
=979  \\$aArticle missing volume number
=984  \\$a2022-10-04
=985  \\$aXML source generated via Python using CHORUS API JSON data; converted to MODS with chorus_to_mods.xsl

