=LDR  04748nab a2200673 u 4500
=001  9915633194207426
=005  20221215142819.0
=008  220901e201808\\xx\|||||o|||||||||||eng||
=016  7\$aIND607338563$2DNAL
=024  7\$a10113/7338563$2hdl
=024  7\$a10.1029/2018ef000878$2doi
=024  7\$a10.1029/2018ef000878$2chorus
=035  \\$aagid:7338563-01nal_inst
=040  \\$aAGL$beng$cAGL
=100  1\$aLittell, Jeremy S.$eauthor$uU.S. Department of Interior Alaska Climate Adaptation Science Center, U.S. Geological Survey, USA
=245  10$aClimate Change and Future Wildfire in the Western United States: An Ecological Approach to Nonstationarity
=300  \\$ap. 1097-1111.
=506  \\$aResource is Open Access$uhttp://purl.org/eprint/accessRights/OpenAccess
=506  \\$aCHORUS License Information
=520  \\$aWe developed ecologically based climate‐fire projections for the western United States. Using a finer ecological classification and fire‐relevant climate predictors, we created statistical models linking climate and wildfire area burned for ecosections, which are geographic delineations based on biophysical variables. The results indicate a gradient from purely fuel‐limited (antecedent positive water balance anomalies or negative energy balance anomalies) to purely flammability‐limited (negative water balance anomalies or positive energy balance anomalies) fire regimes across ecosections. Although there are other influences (such as human ignitions and management) on fire occurrence and area burned, seasonal climate significantly explains interannual fire area burned. Differences in the role of climate across ecosections are not random, and the relative dominance of climate predictors allows objective classification of ecosection climate‐fire relationships. Expected future trends in area burned range from massive increases, primarily in flammability limited systems near the middle of the water balance deficit distribution, to substantial decreases, in fuel‐limited nonforested systems. We predict increasing area burned in most flammability‐limited systems but predict decreasing area burned in primarily fuel‐limited systems with a flammability‐limited ("hybrid") component. Compared to 2030-2059 (2040s), projected area burned for 2070-2099 (2080s) increases much more in the flammability and flammability‐dominated hybrid systems than those with equal control and continues to decrease in fuel‐limited hybrid systems. Exceedance probabilities for historical 95th percentile fire years are larger in exclusively flammability‐limited ecosections than in those with fuel controls. Filtering the projected results using a fire‐rotation constraint minimizes overprojection due to static vegetation assumptions, making projections more conservative.
=592  \\$aPublisher supplied data
=593  \\$aPubAg article
=596  \\$cJoint Fire Science Program
=596  \\$cJoint Fire Sciences Program
=596  \\$cRocky Mountain Research Station
=506  0\$fUnrestricted online access$2star
=650  \3$aclimate
=650  \3$aclimate change
=650  \3$aenergy balance
=650  \3$aflammability
=650  \3$ahumans
=650  \3$avegetation
=650  \3$awildfires
=700  1\$aMcKenzie, Donald$eauthor$uU.S. Department of Agriculture Forest Service, Pacific Northwest Research Station, USA
=700  1\$aWan, Ho Yi$eauthor$uSchool of Earth Sciences and Environmental Sustainability, Northern Arizona University, USA
=700  1\$aCushman, Samuel A.$eauthor$uU.S. Department of Agriculture Forest Service, Rocky Mountain Research Station, USA
=773  0\$tEarth's Future.$g2018 Aug., v. 6, no. 8 p.1097-1111$dAmerican Geophysical Union (AGU)$wJournal:21311$x2328-4277$7nnas
=787  1\$oislandora_article_repository
=787  1\$oproduct_pubag
=787  1\$o(Journal)21311
=856  40$uhttps://handle.nal.usda.gov/10113/7338563$3Available in the National Agricultural Library PubAg search system
=856  40$uhttp://dx.doi.org/10.1029/2018ef000878$3Available from publisher's site
=912  \\$aArticle
=914  \\$aJournal:21311$c6$d8$e1097
=914  \\$fEarth's Future
=916  \\$aBatch:10189
=917  \\$aissued
=918  2\$aCHORUS$eprovider$5DNAL
=935  \\$aIND607338563$9ExL
=949  \\$a2022-05-02
=952  \\$dNAL-AP-2-clean
=955  \\$a/data/metadata/staging/chorus
=961  \\$aUSDA
=962  \\$aUSDA Scientist Submission
=962  \\$aUSDA Scientist Submission; eISSN 2328-4277
=974  \\$aagid:7338563
=983  \\$a2022-09-01T12:42:20-04:00
=984  \\$a2022-09-26
=985  \\$aXML source generated via Python using CHORUS API JSON data; converted to MODS with chorus_to_mods.xsl

