=LDR  05200nab a2200853 u 4500
=001  9915636137307426
=005  20221214225605.0
=008  211030e202110\\xx\|||||o|||||||||||eng||
=016  7\$aIND607524779$2DNAL
=024  7\$a10.1016/j.rala.2021.08.004$2chorus
=024  7\$a383026$2aris
=024  7\$a10113/7524779$2hdl
=024  7\$a10.1016/j.rala.2021.08.004$2doi
=024  7\$a383026$2seq_no_115
=024  7\$a3050-11210-009-000D$2aris_project_no
=024  7\$a435564$2aris_accn_no
=035  \\$aagid:7524779-01nal_inst
=040  \\$aAGL$beng$cAGL
=100  1\$aDinan, Maude$eauthor$uUSDA Southwest Climate Hub, Jornada Experimental Range, P.O. Box 30003, MSC 3JER, NMSU, Las Cruces, NM 88003-8003$1https://orcid.org/0000-0001-9964-3177
=245  10$aMaking research relevant: Sharing climate change research with rangeland advisors to transform results into drought resilience
=300  \\$ap. 185-193.
=506  \\$aResource is Open Access$uhttp://purl.org/eprint/accessRights/OpenAccess
=506  \\$aCHORUS License Information
=520  \\$a•Public programs, strategies, and incentives to implement rangeland climate adaptation are more effective if they are tailored to local drought exposures, sensitivities, and adaptation opportunities. As such, local rangeland advisers who aid in climate adaptation are pivotal to the development of these resources.•We hosted a virtual workshop with rangeland advisors to share results from our climate vulnerability assessment, gain their insight on finding usability, and discuss visions for resource creation.•Climate adaptation resources should not follow a one-size-fits-all approach. Accommodating variety in resource development and outreach must consider multiple factors: variation in the ranching community, instability in the environment beyond climate, and rancher/manager identified variables in climate vulnerability assessment analyses.
=592  \\$aPublisher supplied data
=593  \\$aPubAg article
=596  \\$cNational Institute of Food and Agriculture
=506  0\$fUnrestricted online access$2star
=593  \\$eARIS manuscript
=650  \3$aclimate
=650  \3$aclimate change
=650  \3$adrought
=650  \3$aoutreach
=650  \3$aranchers
=650  \3$arangelands
=650  \3$aresource management
=650  \3$arisk assessment
=653  \0$aco-ideation
=653  \0$aengagement
=653  \0$aworkshop
=700  1\$aAdler, Peter B.$eauthor$uDepartment of Wildland Resources and the Ecology Center, Utah State University, 5230 Old Main Hill, Logan, UT 84322, NR 206
=700  1\$aBradford, John$eauthor$uUS Geological Survey, Southwest Biological Science Center, 2255 N Gemini Road, Flagstaff, AZ, 86001
=700  1\$aBrunson, Mark$eauthor$uDepartment of Environment and Society, Utah State University, 5215 Old Main Hill, Logan UT 84322, NR 201
=700  1\$aElias, Emile$eauthor$uUSDA Southwest Climate Hub, Jornada Experimental Range, P.O. Box 30003, MSC 3JER, NMSU, Las Cruces, NM 88003-8003$1https://orcid.org/0000-0001-9964-3177
=700  1\$aFelton, Andrew$eauthor$uDepartment of Wildland Resources and the Ecology Center, Utah State University, 5230 Old Main Hill, Logan, UT 84322, NR 206$1https://orcid.org/0000-0002-1533-6071
=700  1\$aGreene, Christina$eauthor$uClimate Assessment for the Southwest, University of Arizona, ENR2, 5th Floor 1064 E. Lowell Street, PO Box 210137, Tucson, AZ 85721$1https://orcid.org/0000-0003-3767-0932
=700  1\$aJames, Jeremy$eauthor$uDepartment of Natural Resources Management and Environmental Sciences, California Polytechnic State University, (180-209) San Luis Obispo, CA 93407
=700  1\$aSuding, Katharine$eauthor$uDepartment of Ecology and Evolutionary Biology, University of Colorado Boulder, Boulder, EBIO Ramaley N122 Campus Box 334, Boulder, CO 80309$1https://orcid.org/0000-0002-5357-0176
=700  1\$aThacker, Eric$eauthor$uDepartment of Wildland Resources and the Ecology Center, Utah State University, 5230 Old Main Hill, Logan, UT 84322, NR 206
=773  0\$tRangelands.$g2021 Oct., v. 43, no. 5 p.185-193$dElsevier Inc.$wJournal:3143$x0190-0528$7nnas
=787  1\$oislandora_article_repository
=787  1\$oproduct_pubag
=787  1\$o(Journal)3143
=856  40$uhttps://dx.doi.org/10.1016/j.rala.2021.08.004$3Available from publisher's site
=856  40$uhttps://handle.nal.usda.gov/10113/7524779$3Available in the National Agricultural Library PubAg search system
=912  \\$aArticle
=914  \\$aJournal:3143$b0190-0528$c43$d5$e185
=914  \\$fRangelands
=916  \\$aBatch:10205
=917  \\$aissued
=918  2\$aElsevier Consyn$eprovider$5DNAL
=935  \\$aIND607524779$9ExL
=949  \\$a2021-11-01
=952  \\$dNAL-AP-2-clean
=953  \\$a/data/metadata/incoming/consyn/197753926768264607-00003-HEAD-ONLY-NEW CONSYN ISSNS.zip
=954  \\$afile:/data/metadata/staging/consyn/S0190052821000869.xml
=955  \\$a/data/metadata/staging/consyn/
=961  \\$aUSDA
=962  \\$aARIS manuscript submission
=962  \\$aARIS Manuscript
=962  \\$aMissing ISSN
=974  \\$aagid:7524779
=983  \\$a2021-10-30
=984  \\$a2022-09-06

