=LDR  04020nab a2200721 u 4500
=001  9915636848907426
=005  20221119111613.0
=008  190412e201512\\xx\|||||o|||||||||||eng||
=016  7\$aIND605377968$2DNAL
=024  7\$a10.1016/j.ecocom.2015.09.004$2doi
=035  \\$aagid:5377968-01nal_inst
=040  \\$aAGL$beng$cAGL
=100  1\$aDai, Z.$eauthor$uUSDA Forest Service, 11 Campus Blvd, Suite 200, Newtown Square, PA 19073, USA
=245  10$aAssessing the effect of climate change on carbon sequestration in a Mexican dry forest in the Yucatan Peninsula
=300  \\$ap. 46-56.
=520  \\$aAssessing the effect of climate change on carbon sequestration in tropical forest ecosystems is important to inform monitoring, reporting, and verification (MRV) for reducing deforestation and forest degradation (REDD), and to effectively assess forest management options under climate change. Two process-based models, Forest-DNDC and Biome-BGC, with different spatial modeling scales were evaluated to estimate the potential effect of climate change on carbon sequestration in a tropical dry semi-deciduous forest in the Yucatan Peninsula of Mexico. The results from the simulations using the two models show that carbon sequestration in this dry forest is highly sensitive to warming. Carbon uptake in this forest may increase or decrease slightly with a corresponding increase or decrease in precipitation; however, with an increase in temperature, carbon uptake may decrease significantly, showing that warming may be the main climate factor that impacts carbon storage in this tropical dry forest. Model performance evaluation indicates that both models may be used to estimate C stocks, but DNDC may be better than BGC for assessing the effect of climate change on C dynamics.
=592  \\$aPublisher supplied data
=593  \\$aPubAg article
=650  \3$acarbon
=650  \3$acarbon sequestration
=650  \3$acarbon sinks
=650  \3$aclimate change
=650  \3$aclimatic factors
=650  \3$adeforestation
=650  \3$adry forests
=650  \3$aforest ecosystems
=650  \3$aforest management
=650  \3$amodel validation
=650  \3$amodels
=650  \3$amonitoring
=650  \3$atemperature
=650  \3$atropical forests
=651  \3$aMexico
=653  \0$aSecondary forest
=653  \0$aKarstic landscape
=653  \0$aBiomass
=653  \0$aSoil carbon pool
=653  \0$aForest-DNDC
=653  \0$aBiome-BGC
=700  1\$aJohnson, K.D.$eauthor$uUSDA Forest Service, 11 Campus Blvd, Suite 200, Newtown Square, PA 19073, USA
=700  1\$aBirdsey, R.A.$eauthor$uUSDA Forest Service, 11 Campus Blvd, Suite 200, Newtown Square, PA 19073, USA
=700  1\$aHernandez-Stefanoni, J.L.$eauthor$uCentro de Investigación Científica de Yucatán A.C., Unidad de Recursos Naturales, Calle 43# 130. Colonia Chuburná de Hidalgo, C.P. 97200, Mérida, Yucatán, Mexico
=700  1\$aDupuy, J.M.$eauthor$uCentro de Investigación Científica de Yucatán A.C., Unidad de Recursos Naturales, Calle 43# 130. Colonia Chuburná de Hidalgo, C.P. 97200, Mérida, Yucatán, Mexico
=773  0\$tEcological complexity.$g2015 Dec., v. 24 p.46-56$dElsevier B.V.$wJournal:2171$x1476-945X$7nnas
=787  1\$oislandora_article_repository
=787  1\$oproduct_pubag
=787  1\$o(Journal)2171
=856  40$uhttps://dx.doi.org/10.1016/j.ecocom.2015.09.004$3Available from publisher's site
=912  \\$aArticle
=914  \\$aJournal:2171$b1476-945X$c24$e46
=914  \\$fEcological complexity
=916  \\$aBatch:1517
=917  \\$aissued
=918  2\$aElsevier Consyn$eprovider$5DNAL
=935  \\$aIND605377968$9ExL
=949  \\$a2019-04-12
=953  \\$a/data/metadata/incoming/consyn-backfiles/46-2-00100-HEAD-ONLY.zip
=954  \\$afile:/data/metadata/staging/consyn-backfiles/S1476945X15001002.xml
=955  \\$a/data/metadata/staging/consyn-backfiles/
=961  \\$aUSDA/FS
=974  \\$aagid:5377968
=983  \\$a2019-04-12
=984  \\$a2019-04-12

