=LDR  04009nab a2200685 u 4500
=001  9915636957307426
=005  20221119112907.0
=008  190405e201401\\xx\|||||o|||||||||||eng||
=016  7\$aIND605377990$2DNAL
=024  7\$a10.1016/j.ecolecon.2013.11.004$2doi
=035  \\$aagid:5377990-01nal_inst
=040  \\$aAGL$beng$cAGL
=100  1\$aDing, Helen$eauthor$uBiodiversity Governance Research Unit (BIOGOV), Center for Philosophy of Law (CPDR), Université catholique de Louvain, Belgium$1https://orcid.org/0000-0003-3649-8368
=245  10$aModeling the links between biodiversity, ecosystem services and human wellbeing in the context of climate change: Results from an econometric analysis of the European forest ecosystems
=300  \\$ap. 60-73.
=520  \\$aThis paper constitutes a first attempt to model the relationship between climate change, biodiversity, and ecosystem services, with a specific emphasis on European forests. Firstly, we construct a composite biodiversity indicator that integrates quantitative and qualitative changes of biodiversity projected to 2050 for the EU-17 under future IPCC scenarios. Secondly, this indicator is integrated into two simultaneous equation models to capture the marginal impacts of changes in biodiversity on the value of ecosystem goods and services (EGS) due to climate change.Our estimation results confirm the role of biodiversity as a nature-based policy solution for climate change mitigation, shedding light on the policy actions that generate co-benefits by enhancing ecosystems' capacity to mitigate climate change impacts, while conserving biodiversity and sustaining the flows of EGS for human livelihoods. Especially, nature-based mitigation policies are more cost-effective and better at coping with the ethic and inequality issues associated with distributional impacts of the policy actions, compared to the pure technical solutions to improving energy efficiency and reducing emissions. However, the strength of biodiversity as a nature-based policy option for climate change mitigation depends on both the nature of the EGS and the geographical area under consideration.
=592  \\$aPublisher supplied data
=593  \\$aPubAg article
=650  \3$abiodiversity
=650  \3$aclimate
=650  \3$aclimate change
=650  \3$acost effectiveness
=650  \3$aeconometrics
=650  \3$aecosystem services
=650  \3$aemissions
=650  \3$aenergy efficiency
=650  \3$aequations
=650  \3$aforest ecosystems
=650  \3$aforests
=650  \3$ahumans
=650  \3$aissues and policy
=650  \3$alivelihood
=650  \3$amodels
=653  \0$aNatural capital index
=653  \0$aComposite biodiversity indicator
=653  \0$aEuropean forest ecosystem services
=653  \0$aSimultaneous equation modeling
=653  \0$a3SLS
=653  \0$aNature-based policy for climate change mitigation
=700  1\$aNunes, Paulo A.L.D.$eauthor$uWAVES - Wealth Accounting and Valuation of Ecosystem Services, Agriculture and Environmental Services Department, The World Bank, Washington, DC 20433, USA
=773  0\$tEcological economics.$g2014 Jan., v. 97 p.60-73$dElsevier B.V.$wJournal:11629$x0921-8009$7nnas
=787  1\$oislandora_article_repository
=787  1\$oproduct_pubag
=787  1\$o(Journal)11629
=856  40$uhttps://dx.doi.org/10.1016/j.ecolecon.2013.11.004$3Available from publisher's site
=912  \\$aArticle
=914  \\$aJournal:11629$b0921-8009$c97$e60
=914  \\$fEcological economics
=916  \\$aBatch:1456
=917  \\$aissued
=918  2\$aElsevier Consyn$eprovider$5DNAL
=935  \\$aIND605377990$9ExL
=949  \\$a2019-04-05
=953  \\$a/data/metadata/incoming/consyn-backfiles/46-2-00072-HEAD-ONLY.zip
=954  \\$afile:/data/metadata/staging/consyn-backfiles/S0921800913003339.xml
=955  \\$a/data/metadata/staging/consyn-backfiles/
=961  \\$aUSDA
=974  \\$aagid:5377990
=983  \\$a2019-04-05
=984  \\$a2019-04-05

