=LDR  04866nab a2200745 u 4500
=001  9915637066507426
=005  20221207083849.0
=008  190318e201708\\xx\|||||o|||||||||||eng||
=016  7\$aIND605729370$2DNAL
=024  7\$a10.1016/j.jhydrol.2017.05.055$2doi
=024  7\$a10.1016/j.jhydrol.2017.05.055$2chorus
=035  \\$aagid:5729370-01nal_inst
=040  \\$aAGL$beng$cAGL
=100  1\$aAhiablame, Laurent$eauthor$uDepartment of Agricultural and Biosystems Engineering, South Dakota State University, Brookings, SD 57007, USA
=245  10$aAnnual baseflow variations as influenced by climate variability and agricultural land use change in the Missouri River Basin
=300  \\$ap. 188-202.
=506  \\$aResource is Open Access
=506  \\$aElsevier BV License Information
=506  \\$aResource is Open Access$uhttp://purl.org/eprint/accessRights/OpenAccess
=506  \\$aCHORUS License Information
=520  \\$aThe Missouri River system has a large water storage capacity, where baseflow plays an important role. Understanding historical baseflow characteristics with respect to climate and land use impacts is essential for effective planning and management of water resources in the Missouri River Basin (MORB). This study evaluated statistical trends in baseflow and precipitation for 99 MORB minimally disturbed watersheds during 1950-2014. Elasticity of baseflow to climate variability and agricultural land use change were quantified for the 99 studied watersheds. Baseflow was derived from daily streamflow records with a recursive digital filter method. The results showed that baseflow varied between 38 and 80% (0 and 331mm/year) of total streamflow with an average of 60%, indicating that more than half of streamflow in the MORB is derived from baseflow. The trend analysis revealed that precipitation increased during the study period in 78 out of 99 watersheds, leading to 1-3.9% noticeable increase in baseflow for 68 of 99 watersheds. Although the changes in baseflow obtained in this study were a result of the combined effects of climate and land use change across the basin, upward trends in baseflow generally coincide with increased precipitation and agricultural land use trends in the basin. Agricultural land use increase mostly led to a 0-5.7% decrease in annual baseflow in the basin, except toward east of the basin where baseflow mostly increased with agricultural land use increase (0.1-2.0%). In general, a 1% increase in precipitation and a 1% increase in agricultural land use resulted in 1.5% increase and 0.2% decrease in baseflow, respectively, during the study period. These results are entirely dependent on the quality of data used; however, they provide useful insight into the relative influence of climate and land use change on baseflow conditions in the Great Plains region of the USA.
=592  \\$aPublisher supplied data
=593  \\$aPubAg article
=596  \\$cNational Institute of Food and Agriculture$dhttps://doi.org/10.13039/100005825
=506  0\$fUnrestricted online access$2star
=650  \3$aagricultural land
=650  \3$abase flow
=650  \3$abasins
=650  \3$aclimate
=650  \3$aland use change
=650  \3$aplanning
=650  \3$awater management
=650  \3$awatersheds
=651  \3$aGreat Plains region
=651  \3$aMissouri River
=651  \3$aUnited States
=653  \0$aWatershed hydrology
=653  \0$aGroundwater discharge
=653  \0$aCultivated cropland
=653  \0$aPrecipitation
=653  \0$aElasticity coefficient
=700  1\$aSheshukov, Aleksey Y.$eauthor$uDepartment of Biological and Agricultural Engineering, Kansas State University, Manhattan, KS 66506, USA
=700  1\$aRahmani, Vahid$eauthor$uKansas Biological Survey, University of Kansas, Lawrence, KS 66047, USA
=700  1\$aMoriasi, Daniel$eauthor$uUSDA-ARS Grazinglands Research Laboratory, El Reno, OK 73036, USA
=773  0\$tJournal of hydrology.$g2017 Aug., v. 551 p.188-202$dElsevier B.V.$aElsevier B.V.$wJournal:jnl46539$x0022-1694$7nnas
=787  1\$oislandora_article_repository
=787  1\$oproduct_pubag
=787  1\$o(Journal)jnl46539
=856  40$uhttps://dx.doi.org/10.1016/j.jhydrol.2017.05.055$3Available from publisher's site
=903  \\$aAccepted Manuscript
=912  \\$aArticle
=914  \\$aJournal:jnl46539$b0022-1694$c551$e188
=914  \\$fJournal of hydrology
=916  \\$aBatch:1787
=917  \\$aissued
=918  2\$aElsevier Consyn$eprovider$5DNAL
=935  \\$aIND605729370$9ExL
=949  \\$a2020-03-06
=953  \\$a/data/metadata/incoming/consyn/46-2-00010-HEAD-ONLY.zip
=954  \\$afile:/data/metadata/staging/consyn/S0022169417303748.xml
=955  \\$a/data/metadata/staging/consyn/
=961  \\$aUSDA/ARS
=974  \\$aagid:5729370
=983  \\$a2019-03-18
=984  \\$a2022-09-06

