=LDR  03620nab a2200697 u 4500
=001  9915639530707426
=005  20221207113040.0
=008  200607e202004\\xx\|||||o|||||||||||eng||
=016  7\$aIND606850185$2DNAL
=024  7\$a10.1016/j.cois.2020.02.003$2chorus
=024  7\$a10.1016/j.cois.2020.02.003$2doi
=035  \\$aagid:6850185-01nal_inst
=040  \\$aAGL$beng$cAGL
=100  1\$aSun, Yan$eauthor$uDepartment of Biology/Ecology & Evolution, University of Fribourg, 1700 Fribourg, Switzerland
=245  10$aBiocontrol of invasive weeds under climate change: progress, challenges and management implications
=300  \\$ap. 72-78.
=506  \\$aResource is Open Access$uhttp://purl.org/eprint/accessRights/OpenAccess
=506  \\$aCHORUS License Information
=520  \\$aClimate change is predicted to increase the frequency and impact of plant invasions, creating a need for new control strategies as part of mitigation planning. The complex interactions between invasive plants and biocontrol agents have created distinct policy and management challenges, including the effectiveness and risk assessment of biocontrol under different climate change scenarios. In this brief review, we synthesize recent studies describing the potential ecological and evolutionary outcomes for biocontrol agents/candidates for plant invaders under climate change. We also discuss potential methodologies that can be used as a framework for predicting ecological and evolutionary responses of plant-natural enemy interactions under climate change, and for refining our understanding of the efficacy and risk of using biocontrol on invasive plants.
=592  \\$aPublisher supplied data
=593  \\$aPubAg article
=596  \\$cNovartis Foundation$dhttps://doi.org/10.13039/100008273
=596  \\$cRural Housing Service$dhttps://doi.org/10.13039/100009167
=506  0\$fUnrestricted online access$2star
=650  \3$abiological control
=650  \3$abiological control agents
=650  \3$aclimate change
=650  \3$aecological invasion
=650  \3$ainvasive species
=650  \3$aissues and policy
=650  \3$aplanning
=650  \3$aplants (botany)
=650  \3$aprediction
=650  \3$arisk
=650  \3$arisk assessment
=700  1\$aDing, Jianqing$eauthor$uSchool of Life Sciences, Henan University, Kaifeng, Henan 475004, China
=700  1\$aSiemann, Evan$eauthor$uBiosciences Department, Rice University, Houston, TX USA
=700  1\$aKeller, Stephen R$eauthor$uDepartment of Plant Biology, University of Vermont, USA
=773  0\$tCurrent opinion in insect science.$g2020 Apr., v. 38 p.72-78$dElsevier Inc.$wJournal:23301$x2214-5745$7nnas
=787  1\$oislandora_article_repository
=787  1\$oproduct_pubag
=787  1\$o(Journal)23301
=856  40$uhttps://dx.doi.org/10.1016/j.cois.2020.02.003$3Available from publisher's site
=856  40$uhttp://handle.nal.usda.gov/10113/6850185
=912  \\$aArticle
=914  \\$aJournal:23301$b2214-5745$c38$e72
=914  \\$fCurrent opinion in insect science
=916  \\$aBatch:2473
=917  \\$aissued
=918  2\$aElsevier Consyn$eprovider$5DNAL
=935  \\$aIND606850185$9ExL
=949  \\$a2020-06-08
=953  \\$a/data/metadata/incoming/consyn/141086810889928848-00002-HEAD-ONLY-REVISEDSUBJECTLIST.zip
=954  \\$afile:/data/metadata/staging/consyn/S2214574520300250.xml
=955  \\$a/data/metadata/staging/consyn/
=961  \\$aUSDA
=962  \\$aUSDA Scientist Submission; eISSN 2214-5753
=962  \\$aMissing ISSN
=974  \\$aagid:6850185
=983  \\$a2020-06-07
=984  \\$a2022-09-06

