=LDR  04100nab a2200817 u 4500
=001  9915640048207426
=005  20221119125519.0
=008  190624e20180901xx\|||||o|||||||||||eng||
=016  7\$aIND606357302$2DNAL
=024  7\$a10.1016/j.foreco.2018.03.011$2doi
=035  \\$aagid:6357302-01nal_inst
=040  \\$aAGL$beng$cAGL
=100  1\$aWyka, Stephen A.$eauthor$uDepartment of Bioagricultural Sciences and Pest Management, Colorado State University, Fort Collins, CO 80523, USA
=245  10$aResponse of eastern white pine and associated foliar, blister rust, canker and root rot pathogens to climate change
=300  \\$ap. 18-26.
=520  \\$aClimate model predictions for the northeastern U.S. forecast a warmer and wetter climate, which favors the survival, reproduction and dispersal of foliar diseases of eastern white pine, collectively called White Pine Needle Damage (WPND). Foliar diseases cause defoliation of white pine, leading to growth reductions, canopy dieback and predisposing trees to other pathogens and insects. This situation is very similar to other conifer foliar diseases, such as Dothistroma needle blight (DNB) in British Columbia and Swiss needle cast (SNC) in Oregon, where the climate is also becoming warmer and wetter. The purpose of this review is to summarize recent WPND findings of the impact climate change, particularly increased spring precipitation and annual warming has on the emergence of this disease complex. These findings will then be related to what is currently known about climatic factors affecting DNB and SNC and their role as native foliar pathogens affecting their natural forest ecosystems. We also discuss other eastern white pine diseases such as blister rust, cankers, and root rots in relation to climate change.
=592  \\$aPublisher supplied data
=593  \\$aPubAg article
=650  \3$aDothistroma
=650  \3$aPinus strobus
=650  \3$aSwiss needle cast
=650  \3$ablight
=650  \3$ablister rust
=650  \3$acankers (plants)
=650  \3$acanopy
=650  \3$aclimate change
=650  \3$aclimate models
=650  \3$aclimatic factors
=650  \3$aconifer needles
=650  \3$aconifers
=650  \3$adefoliation
=650  \3$adieback
=650  \3$aforest ecosystems
=650  \3$ainsects
=650  \3$apathogens
=650  \3$aroot rot
=650  \3$aspring
=650  \3$atrees
=651  \3$aBritish Columbia
=651  \3$aNortheastern United States
=651  \3$aOregon
=653  \0$aPinus strobus
=653  \0$aCaliciopsis canker
=653  \0$aDiplodia shoot blight
=653  \0$aBrown spot needle blight
=653  \0$aCronartium ribicola
=653  \0$aArmallaria
=653  \0$aWPND
=700  1\$aMunck, Isabel A.$eauthor$uForest Health Protection, USDA Forest Service, 271 Mast Road, Durham, NH 03824, USA
=700  1\$aBrazee, Nicholas J.$eauthor$uUMass Extension, Center for Agriculture, Food and the Environment, University of Massachusetts, Amherst, MA 01002, USA
=700  1\$aBroders, Kirk D.$eauthor$uDepartment of Bioagricultural Sciences and Pest Management, Colorado State University, Fort Collins, CO 80523, USA
=773  0\$tForest ecology and management.$g2018 Sept. 01, v. 423 p.18-26$dElsevier B.V.$aElsevier B.V.$wJournal:jnl9013$x0378-1127$7nnas
=787  1\$oislandora_article_repository
=787  1\$oproduct_pubag
=787  1\$o(Journal)jnl9013
=856  40$uhttps://dx.doi.org/10.1016/j.foreco.2018.03.011$3Available from publisher's site
=912  \\$aArticle
=914  \\$aJournal:jnl9013$b0378-1127$c423$e18
=914  \\$fForest ecology and management
=916  \\$aBatch:2189
=917  \\$aissued
=918  2\$aElsevier Consyn$eprovider$5DNAL
=935  \\$aIND606357302$9ExL
=949  \\$a2019-06-24
=953  \\$a/data/metadata/incoming/consyn/36528-00001-HEAD-ONLY-REVISEDSUBJECTLIST.zip
=954  \\$afile:/data/metadata/staging/consyn/S0378112717318303.xml
=955  \\$a/data/metadata/staging/consyn/
=961  \\$aUSDA/FS
=974  \\$aagid:6357302
=983  \\$a2019-06-24
=984  \\$a2019-06-24

