=LDR  04430nab a2200673 u 4500
=001  9915640155607426
=005  20221119131848.0
=008  180102e201611\\xx\|||||o|||||||||||eng||
=016  7\$aIND605878005$2DNAL
=024  7\$a10.1111/gcb.13328$2doi
=024  7\$a10.1111/gcb.13328$2chorus
=035  \\$aagid:5878005-01nal_inst
=040  \\$aAGL$beng$cAGL
=100  1\$aFord, Kevin R.$eauthor$uUSDA Forest Service, Pacific Northwest Research Station, 3625 93rd Ave SW, Olympia, WA, 98512, USA. kford10@gmail.com
=245  10$aWill changes in phenology track climate change? A study of growth initiation timing in coast Douglas‐fir
=300  \\$ap. 3712-3723.
=500  \\$aJOURNAL ARTICLE
=520  \\$aUnder climate change, the reduction of frost risk, onset of warm temperatures and depletion of soil moisture are all likely to occur earlier in the year in many temperate regions. The resilience of tree species will depend on their ability to track these changes in climate with shifts in phenology that lead to earlier growth initiation in the spring. Exposure to warm temperatures ('forcing') typically triggers growth initiation, but many trees also require exposure to cool temperatures ('chilling') while dormant to readily initiate growth in the spring. If warming increases forcing and decreases chilling, climate change could maintain, advance or delay growth initiation phenology relative to the onset of favorable conditions. We modeled the timing of height‐ and diameter‐growth initiation in coast Douglas‐fir (an ecologically and economically vital tree in western North America) to determine whether changes in phenology are likely to track changes in climate using data from field‐based and controlled‐environment studies, which included conditions warmer than those currently experienced in the tree's range. For high latitude and elevation portions of the tree's range, our models predicted that warming will lead to earlier growth initiation and allow trees to track changes in the onset of the warm but still moist conditions that favor growth, generally without substantially greater exposure to frost. In contrast, toward lower latitude and elevation range limits, the models predicted that warming will lead to delayed growth initiation relative to changes in climate due to reduced chilling, with trees failing to capture favorable conditions in the earlier parts of the spring. This maladaptive response to climate change was more prevalent for diameter‐growth initiation than height‐growth initiation. The decoupling of growth initiation with the onset of favorable climatic conditions could reduce the resilience of coast Douglas‐fir to climate change at the warm edges of its distribution.
=592  \\$aPublisher supplied data
=593  \\$aPubAg article
=650  \3$aPseudotsuga menziesii
=650  \3$aclimate change
=650  \3$aclimatic factors
=650  \3$acoasts
=650  \3$acold treatment
=650  \3$afrost
=650  \3$alatitude
=650  \3$amodels
=650  \3$aphenology
=650  \3$arisk
=650  \3$asoil water
=650  \3$aspring
=650  \3$atemperate zones
=650  \3$atemperature
=650  \3$atrees
=651  \3$aNorth America
=700  1\$aHarrington, Constance A.$eauthor$uUSDA Forest Service, Pacific Northwest Research Station, 3625 93rd Ave SW, Olympia, WA, 98512, USA
=700  1\$aBansal, Sheel$eauthor
=700  1\$aGould, Peter J.$eauthor
=700  1\$aSt. Clair, J. Bradley$eauthor$uUSDA Forest Service, Pacific Northwest Research Station, 3200 SW Jefferson Way, Corvallis, OR, 97331, USA
=773  0\$tGlobal change biology.$g2016 Nov., v. 22, no. 11 p.3712-3723$dJohn Wiley & Sons, Ltd$wJournal:jnl57021$x1354-1013$7nnas
=787  1\$oislandora_article_repository
=787  1\$oproduct_pubag
=787  1\$o(Journal)jnl57021
=856  40$uhttp://dx.doi.org/10.1111/gcb.13328$3Available from publisher's site
=912  \\$aArticle
=914  \\$aJournal:jnl57021$b1354-1013$c22$d11$e3712
=914  \\$fGlobal change biology
=916  \\$aBatch:1908
=917  \\$aissued
=918  2\$aJohn Wiley & Sons, Inc$eprovider$5DNAL
=935  \\$aIND605878005$9ExL
=949  \\$a2020-03-06
=953  \\$a13541013_2016_22_11.xml
=961  \\$aUSDA/FS
=962  \\$aBatch:1908 reviewed on 2018-03-09T13:00:02Z
=974  \\$aagid:5878005
=983  \\$a2018-01-02
=984  \\$a2020-03-06

