=LDR  04776nab a2200805 u 4500
=001  9915640190607426
=005  20221119131740.0
=008  180102e201701\\xx\|||||o|||||||||||eng||
=016  7\$aIND605878067$2DNAL
=024  7\$a10.1111/gcb.13359$2doi
=024  7\$a10.1111/gcb.13359$2chorus
=035  \\$aagid:5878067-01nal_inst
=040  \\$aAGL$beng$cAGL
=100  1\$aWyka, Stephen A.$eauthor$uDepartment of Biological Sciences, University of New Hampshire, Durham, NH, 03824, USA
=245  10$aEmergence of white pine needle damage in the northeastern United States is associated with changes in pathogen pressure in response to climate change
=300  \\$ap. 394-405.
=500  \\$aJOURNAL ARTICLE
=500  \\$a2019-12-06
=520  \\$aThe defoliation of the eastern white pine (Pinus strobus) across the northeastern United States is an escalating concern threatening the ecological health of northern forests and economic vitality of the region's lumber industry. First documented in the spring of 2010 affecting 24 328 hectares in the state of Maine, white pine needle damage (WPND) has continued to spread and is now well established in all New England states. While causal agents of WPND are known, current research is lacking in both sampling distribution and the specific environmental factor(s) that affect the development and spread of this disease complex. This study aims to construct a more detailed distribution map of the four primary causal agents within the region, as well as utilize long‐term WPND monitoring plots and data collected from land‐based weather stations to develop a climatic model to predict the severity of defoliation events in the proceeding year. Sampling results showed a greater distribution of WPND than previously reported. WPND was generally found in forest stands that compromised >50% eastern white pine by basal area. No single species, nor a specific combination of species had a dominating presence in particular states or regions, thus supporting the disease complex theory that WPND is neither caused by an individual species nor by a specific combination of species. In addition, regional weather data confirmed the trend of increasing temperature and precipitation observed in this region with the previous year's May, June, and July rainfall being the best predictor of defoliation events in the following year. Climatic models were developed to aid land managers in predicting disease severity and accordingly adjust their management decisions. Our results clearly demonstrate the role changing climate patterns have on the health of eastern white pine in the northeastern United States.
=592  \\$aPublisher supplied data
=593  \\$aPubAg article
=650  \3$awood industry
=650  \3$aforests
=650  \3$ameteorological data
=650  \3$adata collection
=650  \3$adisease severity
=650  \3$aforest stands
=650  \3$aPinus strobus
=650  \3$aclimate models
=650  \3$apathogens
=650  \3$amonitoring
=650  \3$aclimate change
=650  \3$alumber
=650  \3$adefoliation
=650  \3$aweather stations
=650  \3$atemperature
=650  \3$aprediction
=650  \3$aenvironmental health
=650  \3$aconifer needles
=650  \3$aenvironmental factors
=650  \3$arain
=650  \3$aspring
=650  \3$astand basal area
=651  \3$aMaine
=651  \3$aNew England region
=653  \0$abasal area
=700  1\$aSmith, Cheryl$eauthor$uDepartment of Biological Sciences, University of New Hampshire, Durham, NH, 03824, USA
=700  1\$aMunck, Isabel A.$eauthor$uUSDA Forest Service, 271 Mast Rd., Durham, NH, 03824, USA
=700  1\$aRock, Barrett N.$eauthor$uDeparment of Natural Resources, University of New Hampshire, Durhm, NH, 03824, USA
=700  1\$aZiniti, Beth L.$eauthor$uDepartment of Mathematics & Statistics, University of New Hampshire, Durham, NH, 03824, USA
=700  1\$aBroders, Kirk$eauthor
=773  0\$tGlobal change biology.$g2017 Jan., v. 23, no. 1 p.394-405$dJohn Wiley & Sons, Ltd$wJournal:jnl57021$x1354-1013$7nnas
=787  1\$oislandora_article_repository
=787  1\$oproduct_pubag
=787  1\$o(Journal)jnl57021
=856  40$uhttp://dx.doi.org/10.1111/gcb.13359$3Available from publisher's site
=912  \\$aArticle
=914  \\$aJournal:jnl57021$b1354-1013$c23$d1$e394
=914  \\$fGlobal change biology
=916  \\$aBatch:1908
=917  \\$aissued
=918  2\$aJohn Wiley & Sons, Inc$eprovider$5DNAL
=935  \\$aIND605878067$9ExL
=949  \\$a2018-03-09
=953  \\$a13541013_2017_23_1.xml
=961  \\$aUSDA/RD
=962  \\$aBatch:1908 reviewed on 2018-03-09T13:00:02Z
=974  \\$aagid:5878067
=983  \\$a2018-01-02
=984  \\$a2019-09-26

