=LDR  06335nab a2201021 u 4500
=001  9915642583207426
=005  20221119142804.0
=008  170320e201606\\xx\|||||o|||||||||||eng||
=016  7\$aIND605651330$2DNAL
=024  7\$a10.1016/j.envpol.2016.01.075$2doi
=035  \\$aagid:5651330-01nal_inst
=040  \\$aAGL$beng$cAGL
=100  1\$aSicard, Pierre$eauthor$uACRI-HE, 260 Route Du Pin Montard BP234, 06904 Sophia-Antipolis Cedex, France
=245  10$aGlobal topics and novel approaches in the study of air pollution, climate change and forest ecosystems
=300  \\$ap. 977-987.
=520  \\$aResearch directions from the 27th conference for Specialists in Air Pollution and Climate Change Effects on Forest Ecosystems (2015) reflect knowledge advancements about (i) Mechanistic bases of tree responses to multiple climate and pollution stressors, in particular the interaction of ozone (O3) with nitrogen (N) deposition and drought; (ii) Linking genetic control with physiological whole-tree activity; (iii) Epigenetic responses to climate change and air pollution; (iv) Embedding individual tree performance into the multi-factorial stand-level interaction network; (v) Interactions of biogenic and anthropogenic volatile compounds (molecular, functional and ecological bases); (vi) Estimating the potential for carbon/pollution mitigation and cost effectiveness of urban and peri-urban forests; (vii) Selection of trees adapted to the urban environment; (viii) Trophic, competitive and host/parasite relationships under changing pollution and climate; (ix) Atmosphere-biosphere-pedosphere interactions as affected by anthropospheric changes; (x) Statistical analyses for epidemiological investigations; (xi) Use of monitoring for the validation of models; (xii) Holistic view for linking the climate, carbon, N and O3 modelling; (xiii) Inclusion of multiple environmental stresses (biotic and abiotic) in critical load determinations; (xiv) Ecological impacts of N deposition in the under-investigated areas; (xv) Empirical models for mechanistic effects at the local scale; (xvi) Broad-scale N and sulphur deposition input and their effects on forest ecosystem services; (xvii) Measurements of dry deposition of N; (xviii) Assessment of evapotranspiration; (xix) Remote sensing assessment of hydrological parameters; and (xx) Forest management for maximizing water provision and overall forest ecosystem services. Ground-level O3 is still the phytotoxic air pollutant of major concern to forest health. Specific issues about O3 are: (xxi) Developing dose-response relationships and stomatal O3 flux parameterizations for risk assessment, especially, in under-investigated regions; (xxii) Defining biologically based O3 standards for protection thresholds and critical levels; (xxiii) Use of free-air exposure facilities; (xxiv) Assessing O3 impacts on forest ecosystem services.
=592  \\$aPublisher supplied data
=593  \\$aPubAg article
=650  \3$aair
=650  \3$aair pollution
=650  \3$acarbon
=650  \3$aclimate
=650  \3$aclimate change
=650  \3$acost effectiveness
=650  \3$acritical load
=650  \3$adose response
=650  \3$adrought
=650  \3$adry deposition
=650  \3$aecosystem services
=650  \3$aenvironmental impact
=650  \3$aepidemiological studies
=650  \3$aepigenetics
=650  \3$aevapotranspiration
=650  \3$aforest ecosystems
=650  \3$aforest health
=650  \3$aforest management
=650  \3$aforests
=650  \3$amechanistic models
=650  \3$amonitoring
=650  \3$anitrogen
=650  \3$aozone
=650  \3$aparasites
=650  \3$aphytotoxicity
=650  \3$apollutants
=650  \3$apollution control
=650  \3$aremote sensing
=650  \3$arisk assessment
=650  \3$astatistical analysis
=650  \3$asulfur
=650  \3$atrees
=650  \3$aurban areas
=650  \3$avolatile compounds
=653  \0$aOzone
=653  \0$aNitrogen deposition
=653  \0$aClimatic stressors
=653  \0$aInteractions
=653  \0$aUrban forests
=700  1\$aAugustaitis, Algirdas$eauthor$uAleksandras Stulginskis University, Studentu 13, Kaunas Dstr., LT-53362 Lithuania
=700  1\$aBelyazid, Salim$eauthor$uStockholm University, Sweden
=700  1\$aCalfapietra, Carlo$eauthor$uIBAF-CNR, Via Marconi 2, Porano, Italy
=700  1\$ade Marco, Alessandra$eauthor$uENEA, Casaccia, Rome, Italy
=700  1\$aFenn, Mark$eauthor$uUSDA, Forest Service, PSW Research Station, 4955 Canyon Crest Dr., Riverside, CA 92507, USA
=700  1\$aBytnerowicz, Andrzej$eauthor$uUSDA, Forest Service, PSW Research Station, 4955 Canyon Crest Dr., Riverside, CA 92507, USA
=700  1\$aGrulke, Nancy$eauthor$uWWETAC Prineville, OR, USA
=700  1\$aHe, Shang$eauthor$uInstitute of Forest Ecology, Environment and Protection, Chinese Academy of Forestry, Beijing, China
=700  1\$aMatyssek, Rainer$eauthor$uEcophysiology of Plants, Technische Universität München, von-Carlowitz-Platz 2, 85354 Freising, Germany
=700  1\$aSerengil, Yusuf$eauthor$uUniversity of Istanbul, Istanbul, Turkey
=700  1\$aWieser, Gerhard$eauthor$uDivision of Alpine Timberline Ecophysiology, Federal Research and Training Centre for Forests, Natural Hazards and Landscape, Rennweg 1, 6020 Innsbruck, Austria
=700  1\$aPaoletti, Elena$eauthor$uIPSP-CNR, Via Madonna Del Piano 10, 50019 Sesto Fiorentino Firenze, Italy$1https://orcid.org/0000-0001-5324-7769
=773  0\$tEnvironmental pollution.$g2016 June, v. 213 p.977-987$dElsevier Ltd$x0269-7491$7nnas
=787  1\$oislandora_article_repository
=787  1\$oproduct_pubag
=787  1\$o(Journal)jnl41014
=856  40$uhttp://dx.doi.org/10.1016/j.envpol.2016.01.075$3Available from publisher's site
=912  \\$aArticle
=914  \\$aJournal:jnl41014$b0269-7491$c213$e977
=914  \\$fEnvironmental pollution
=916  \\$aBatch:1580
=917  \\$aissued
=918  2\$aElsevier Consyn$eprovider$5DNAL
=935  \\$aIND605651330$9ExL
=949  \\$a2017-04-10
=953  \\$aconsyn49025-00003-HEAD-ONLY-COLL_DEV_SELECTED_SUBJECTS.zip
=961  \\$aUSDA/FS
=962  \\$aBatch:1580 reviewed on 2017-04-10T13:00:03Z
=974  \\$aagid:5651330
=983  \\$a2017-03-20
=984  \\$a2017-04-10

