=LDR  04299nab a2200661 u 4500
=001  9915643657307426
=005  20221119150552.0
=008  190318e201508\\xx\|||||o|||||||||||eng||
=016  7\$aIND605407046$2DNAL
=024  7\$a10.1016/j.apgeog.2015.04.007$2doi
=035  \\$aagid:5407046-01nal_inst
=040  \\$aAGL$beng$cAGL
=100  1\$aKC, Binita$eauthor$uUniversity of Georgia, Department of Geography, 210 Field Street, Athens, GA 30602, USA$1https://orcid.org/0000-0001-6126-5369
=245  10$aClimate change vulnerability assessment in Georgia
=300  \\$ap. 62-74.
=520  \\$aClimate change is occurring in the Southeastern United States, and one manifestation is changes in frequency and intensity of extreme events. A vulnerability assessment is performed in the state of Georgia (United States) at the county level from 1975 to 2012 in decadal increments. Climate change vulnerability is typically measured as a function of exposure to physical phenomena (e.g., droughts, floods), sensitivity to factors affecting the social milieu, and the capacity of a given unit to adapt to changing physical conditions. The paper builds on previous assessments and offers a unique approach to vulnerability analyses by combining climatic, social, land cover, and hydrological components together into a unified vulnerability assessment, which captures both long-term and hydroclimatic events. Climate change vulnerability indices are derived for the 1980s, 1990s, 2000s, and 2010s. Climate change exposure is measured as: 1) departure of decadal mean temperature and precipitation from baseline temperature and precipitation (1971-2000) using the United States Historical Climatology Network version 2.5 and 2) extreme hydroclimatic hazards indicated by flood, heat wave and drought events. Sensitivity and adaptive capacity are measured by well-established conceptualizations and methods built derived from socioeconomic variables. Impervious surface and flood susceptibility area are also incorporated to account for place-based vulnerability.Anomalies in temperature and precipitation with an overall trend towards drying and warming have been observed. The anomalous cooling period in Georgia during the 1970-1980 period as well as the post-1980 warm-up have been captured with a clearly established increase in extreme hydroclimatic events in recent decades. Climate vulnerability is highest in some metropolitan Atlanta and coastal counties. However, the southwestern region of Georgia, and part of the rural Black belt region are found to be especially vulnerable to climate change.
=592  \\$aPublisher supplied data
=593  \\$aPubAg article
=650  \3$aclimate
=650  \3$aclimate change
=650  \3$aclimatology
=650  \3$acooling
=650  \3$adrought
=650  \3$adrying
=650  \3$afloods
=650  \3$ageography
=650  \3$aheat
=650  \3$aland cover
=650  \3$aphysical phenomena
=650  \3$asocioeconomic factors
=650  \3$atemperature
=651  \3$aGeorgia
=653  \0$aClimate change
=653  \0$aBiophysical and social vulnerabilities
=653  \0$aClimate extremes
=653  \0$aGeorgia
=700  1\$aShepherd, J. Marshall$eauthor$uUniversity of Georgia, Department of Geography, 210 Field Street, Athens, GA 30602, USA
=700  1\$aGaither, Cassandra Johnson$eauthor$uUSDA Forest Service, 320 Green Street, Athens, GA 30602, USA
=773  0\$tApplied geography.$g2015 Aug., v. 62 p.62-74$dElsevier Ltd$aElsevier Ltd$wJournal:11785$x0143-6228$7nnas
=787  1\$oislandora_article_repository
=787  1\$oproduct_pubag
=787  1\$o(Journal)11785
=856  40$uhttps://dx.doi.org/10.1016/j.apgeog.2015.04.007$3Available from publisher's site
=912  \\$aArticle
=914  \\$aJournal:11785$b0143-6228$c62$e62
=914  \\$fApplied geography
=916  \\$aBatch:1486
=917  \\$aissued
=918  2\$aElsevier Consyn$eprovider$5DNAL
=935  \\$aIND605407046$9ExL
=949  \\$a2019-03-18
=953  \\$a/data/metadata/incoming/consyn/46-2-00024-HEAD-ONLY.zip
=954  \\$afile:/data/metadata/staging/consyn/S0143622815000909.xml
=955  \\$a/data/metadata/staging/consyn/
=961  \\$aUSDA/FS
=974  \\$aagid:5407046
=983  \\$a2019-03-18
=984  \\$a2019-03-18

