=LDR  05528nab a2200805 u 4500
=001  9915643745407426
=005  20221119150720.0
=008  190318e201509\\xx\|||||o|||||||||||eng||
=016  7\$aIND605407081$2DNAL
=024  7\$a10.1016/j.apgeog.2015.06.004$2doi
=035  \\$aagid:5407081-01nal_inst
=040  \\$aAGL$beng$cAGL
=100  1\$aJewitt, Debbie$eauthor$uEzemvelo KZN Wildlife, Biodiversity Division, Scientific Services, PO Box 13053, Cascades 3202, South Africa
=245  10$aClimate-induced change of environmentally defined floristic domains: A conservation based vulnerability framework
=300  \\$ap. 33-42.
=520  \\$aGlobal climate change is having marked influences on species distributions, phenology and ecosystem composition and raises questions as to the effectiveness of current conservation strategies. Conservation planning has only recently begun to adequately account for dynamic threats such as climate change. We propose a method to incorporate climate-dynamic environmental domains, identified using specific environmental correlates of floristic composition, into conservation strategies, using the province of KwaZulu-Natal, South Africa as a case study. The environmental domains offer an approach to conservation that conserves diversity under current and future climates, recognising that the species constituting diversity may change through time. We mapped current locations of domains by identifying their positions in a multi-dimensional environmental space using a non-hierarchical iterative k-means clustering algorithm. Their future locations were explored using an ensemble of future climate scenarios. The HadCM2 and GFDL2.1 models represented the extreme ranges of the models. The magnitude of change in each environmental domain was calculated using Euclidean distances to determine areas of greatest and least stability for each future climate projection. Domains occurring in the savanna biome increase at the expense of domains occurring in the grassland biome, which has significant negative consequences for the species rich grasslands. The magnitude of change maps represents areas of changed climatic conditions or edaphic disjunctions. The HadCM2 model predicted the greatest overall magnitude of change across the province. Species with specific soil requirements may not be able to track changing climatic conditions. A vulnerability framework was developed that incorporated climatic stability and habitat intactness indices. The mean magnitude of change informed the potential speed of transition of domains between the vulnerability quadrants. The framework informs appropriate conservation actions to mitigate climate change impacts on biodiversity. The study explicitly links floristic pattern and climate variability and provides useful insights to facilitate conservation planning for climate change.
=592  \\$aPublisher supplied data
=593  \\$aPubAg article
=650  \3$aalgorithms
=650  \3$abotanical composition
=650  \3$acase studies
=650  \3$aclimate change
=650  \3$aclimatic factors
=650  \3$aecosystems
=650  \3$ageography
=650  \3$agrasslands
=650  \3$ahabitats
=650  \3$amodels
=650  \3$aphenology
=650  \3$aplanning
=650  \3$asavannas
=650  \3$asoil
=651  \3$aSouth Africa
=653  \0$aClimatic stability
=653  \0$aConservation planning
=653  \0$aGradient analysis
=653  \0$aHabitat intactness
=653  \0$aRefugia
=653  \0$aCCAM
=653  \0$aCEC
=653  \0$aIPCC
=653  \0$aKZN
=653  \0$aMAP
=653  \0$aMAT
=700  1\$aErasmus, Barend F.N.$eauthor$uSchool of Animal, Plant and Environmental Sciences, University of the Witwatersrand, Johannesburg, Private Bag X3, WITS, 2050, South Africa
=700  1\$aGoodman, Peter S.$eauthor$uEzemvelo KZN Wildlife, Biodiversity Division, Scientific Services, PO Box 13053, Cascades 3202, South Africa
=700  1\$aO'Connor, Timothy G.$eauthor$uSchool of Animal, Plant and Environmental Sciences, University of the Witwatersrand, Johannesburg, Private Bag X3, WITS, 2050, South Africa
=700  1\$aHargrove, William W.$eauthor$uEastern Forest Environmental Threat Assessment Center, USDA Forest Service, 200 WT Weaver Blvd, Asheville, NC 28804-3454, USA
=700  1\$aMaddalena, Damian M.$eauthor$uDepartment of Environmental Studies, University of North Carolina Wilmington, Wilmington, NC, USA
=700  1\$aWitkowski, Ed. T.F.$eauthor$uSchool of Animal, Plant and Environmental Sciences, University of the Witwatersrand, Johannesburg, Private Bag X3, WITS, 2050, South Africa
=773  0\$tApplied geography.$g2015 Sept., v. 63 p.33-42$dElsevier Ltd$aElsevier Ltd$wJournal:11785$x0143-6228$7nnas
=787  1\$oislandora_article_repository
=787  1\$oproduct_pubag
=787  1\$o(Journal)11785
=856  40$uhttps://dx.doi.org/10.1016/j.apgeog.2015.06.004$3Available from publisher's site
=912  \\$aArticle
=914  \\$aJournal:11785$b0143-6228$c63$e33
=914  \\$fApplied geography
=916  \\$aBatch:1486
=917  \\$aissued
=918  2\$aElsevier Consyn$eprovider$5DNAL
=935  \\$aIND605407081$9ExL
=949  \\$a2019-03-18
=953  \\$a/data/metadata/incoming/consyn/46-2-00024-HEAD-ONLY.zip
=954  \\$afile:/data/metadata/staging/consyn/S0143622815001484.xml
=955  \\$a/data/metadata/staging/consyn/
=961  \\$aUSDA/FS
=974  \\$aagid:5407081
=983  \\$a2019-03-18
=984  \\$a2019-03-18

