=LDR  04660nab a2200949 u 4500
=001  9915645342007426
=005  20221214224048.0
=008  200507e202004\\xx\|||||o|||||||||||eng||
=016  7\$aIND606934600$2DNAL
=024  7\$a10113/6934600$2hdl
=024  7\$a363455$2aris
=024  7\$a10.3390/agronomy10040503$2doi
=024  7\$a432310$2aris_accn_no
=024  7\$a3098-13610-008-00D$2aris_project_no
=024  7\$a363455$2seq_no_115
=035  \\$aagid:6934600-01nal_inst
=040  \\$aAGL$beng$cAGL
=100  1\$aKim, Sumin$eauthor
=245  10$aSimulated biomass, climate change impacts, and nitrogen management to achieve switchgrass biofuel production at diverse sites in U.S.
=300  \\$ap. 503-521.
=506  \\$aResource is Open Access
=506  \\$aMDPI AG License Information
=520  \\$aSwitchgrass (Panicum virgatum L.) is a C4 warm season perennial native grass and has been strongly recommended as an ideal biofuel feedstock. Accurate forecasting of switchgrass yield across a geographically diverse region and under future climate conditions is essential for determining a realistic future ethanol production from switchgrass. This study compiled a switchgrass database through reviewing the existing literature from field trials across U.S. Using observed switchgrass data, two models, an additive regression model (ARM) in machine learning and a process-based model (ALMANAC), were developed. Through ARM simulation, the relationships among few yield determinant parameters (e.g. climate, location, and management) and switchgrass yield were determined. According to results of ARM simulation, switchgrass yields were highly related to longitude of planting location. The ALMANAC simulation results, in contrast, showed that crop management had more effect on yield than planting location. Since the ALMANAC model consists of functional relationships that provide better understating of interactions among plant physiological processes and environmental factors (water, soil, climate, and nutrient) giving realistic predictions in different climate condition, it was used to quantify the impacts of climate change on switchgrass yields. Simulated lowland switchgrass would have more yield decreases in 2050 with low fertilizer input than high fertilizer input. Simulated upland yields are stable under high fertilizer input. This study result showed that N fertilization is a key factor in controlling switchgrass yields under future climate conditions.
=593  \\$aPubAg article
=596  \\$cAgricultural Research Service$dhttps://doi.org/10.13039/100007917
=506  0\$fUnrestricted online access$2star
=593  \\$eARIS manuscript
=650  \3$aC4 plants
=650  \3$aPanicum virgatum
=650  \3$aartificial intelligence
=650  \3$abiofuels
=650  \3$abiomass
=650  \3$aclimate change
=650  \3$aclimatic factors
=650  \3$acrop management
=650  \3$adatabases
=650  \3$aedaphic factors
=650  \3$aethanol production
=650  \3$afeedstocks
=650  \3$afertilizer rates
=650  \3$afield experimentation
=650  \3$afuel production
=650  \3$ahighlands
=650  \3$aindigenous species
=650  \3$alongitude
=650  \3$amodels
=650  \3$anitrogen
=650  \3$anitrogen fertilizers
=650  \3$aperennials
=650  \3$aplanting
=650  \3$aprediction
=650  \3$aregression analysis
=650  \3$asoil nutrients
=650  \3$asoil water regimes
=650  \3$awarm season
=650  \3$ayields
=651  \3$aUnited States
=700  1\$aKim, Sojung$eauthor
=700  1\$aCho, Jaepil$eauthor
=700  1\$aPark, Seonggyu$eauthor
=700  1\$aPerez, Fernando$eauthor
=700  1\$aKiniry, James R.$eauthor$1https://orcid.org/0000-0002-7175-7807
=773  0\$tAgronomy.$g2020 Apr., v. 10, no. 4 p.503-521$wJournal:12361$x2073-4395$7nnas
=787  1\$oislandora_article_repository
=787  1\$oproduct_pubag
=787  1\$o(Journal)12361
=856  40$uhttps://handle.nal.usda.gov/10113/6934600$3Available in the National Agricultural Library PubAg search system
=856  40$uhttp://dx.doi.org/10.3390/agronomy10040503$3Available from publisher's Web site
=912  \\$aArticle
=914  \\$aJournal:12361$b2073-4395$c10$d4$e503
=914  \\$fAgronomy
=916  \\$aBatch:2532
=917  \\$aissued
=935  \\$aIND606934600$9ExL
=949  \\$a2020-07-13
=961  \\$bUSDA
=962  \\$aARIS Manuscript
=962  \\$aARIS manuscript submission
=962  \\$aBatch:2532 reviewed on 2020-07-13T16:00:02Z
=974  \\$aagid:6934600
=983  \\$a2020-05-07
=984  \\$a2021-07-07

