=LDR  04701nab a2201069 u 4500
=001  9915646837307426
=005  20221119123004.0
=008  090305e200902\\xx\|||||o|||||||||||eng||
=016  7\$aIND44171954$2DNAL
=024  7\$a10.1139/X08-104$2doi
=024  7\$a10113/26531$2hdl
=035  \\$aagid:26531-01nal_inst
=040  \\$aAGL$beng$cAGL
=072  \0$aB200
=072  \0$aK001
=072  \0$aX100
=072  \0$aJ100
=072  \0$aF400
=072  \0$aW000
=100  1\$aCampbell, John L.
=245  10$aConsequences of climate change for biogeochemical cycling in forests of northeastern North America
=300  \\$ap. 264-284.
=500  \\$aIncludes references
=500  \\$aSummary in French.
=500  \\$a2019-12-05
=520  \\$aA critical component of assessing the impacts of climate change on forest ecosystems involves understanding associated changes in the biogeochemical cycling of elements. Evidence from research on northeastern North American forests shows that direct effects of climate change will evoke changes in biogeochemical cycling by altering plant physiology, forest productivity, and soil physical, chemical, and biological processes. Indirect effects, largely mediated by changes in species composition, length of growing season, and hydrology, will also be important. The case study presented here uses the quantitative biogeochemical model PnET-BGC to test assumptions about the direct and indirect effects of climate change on a northern hardwood forest ecosystem. Modeling results indicate an overall increase in net primary production due to a longer growing season, an increase in NO3- leaching due to large increases in net mineralization and nitrification, and slight declines in mineral weathering due to a reduction in soil moisture. Future research should focus on uncertainties, including the effects of (1) multiple simultaneous interactions of stressors (e.g., climate change, ozone, acidic deposition); (2) long-term atmospheric CO2 enrichment on vegetation; (3) changes in forest species composition; (4) extreme climatic events and other disturbances (e.g., ice storms, fire, invasive species); and (5) feedback mechanisms that increase or decrease change.
=593  \\$aPubAg article
=593  \\$cUSDA submission
=650  \3$aatmospheric deposition
=650  \3$agreenhouse gases
=650  \3$aprimary productivity
=650  \3$amycorrhizal fungi
=650  \3$avegetation cover
=650  \3$aglobal warming
=650  \3$abiogeochemical cycles
=650  \3$ahydrology
=650  \3$aforest ecosystems
=650  \3$aclimate models
=650  \3$asoil-atmosphere interactions
=650  \3$avegetation structure
=650  \3$aquantitative analysis
=650  \3$asoil
=650  \3$aspecies diversity
=650  \3$abiological activity in soil
=650  \3$aclimatic factors
=650  \3$aprediction
=650  \3$aroot systems
=650  \3$anitrogen
=650  \3$ahardwood forests
=650  \3$agrowing season
=651  \3$aNew England region
=651  \3$aQuebec
=651  \3$aNew York
=651  \0$aCanada
=653  \0$aliterature reviews
=653  \0$aAtlantic provinces
=653  \0$aPnET-BGC model
=653  \0$aclimate change
=700  1\$aRustad, Lindsey E.
=700  1\$aBoyer, Elizabeth W.
=700  1\$aChristopher, Sheila F.
=700  1\$aDriscoll, Charles T.
=700  1\$aFernandez, Ivan J.
=700  1\$aGroffman, Peter M.
=700  1\$aHoule, Daniel
=700  1\$aKiekbusch, Jana
=700  1\$aMagill, Alison H.
=700  1\$aMitchell, Myron J.
=700  1\$aOllinger, Scott V.
=773  0\$tCanadian journal of forest research =.$g2009 Feb., v.  39, no.  2 p.264-284$x0045-5067$7nnas
=787  1\$oproduct_pubag
=787  1\$oislandora_article_repository
=787  1\$oislandora_pubag_with_text
=787  1\$o(Journal)jnl2003
=852  \\$aDNAL
=856  40$uhttp://dx.doi.org/10.1139/X08-104$3Available from publisher's Web site
=856  40$uhttps://handle.nal.usda.gov/10113/26531$3Available in the National Agricultural Library PubAg search system
=912  \\$aArticle
=914  \\$aJournal:jnl2003$b0045-5067$c39$d2$e264
=914  \\$fCanadian journal of forest research =
=917  \\$aissued
=930  \\$a20090312$b20090508$c00000000
=935  \\$aIND44171954$9ExL
=945  \\$aIND$dLYN$e2009/03/12
=946  \\$aNon-US
=949  \\$a2014-07-17
=952  \\$a20090312 20090508 00000000$bIND LYN 2009/03/12
=961  \\$aUSDA/FS
=974  \\$aagid:26531
=984  \\$a2012-06-07
=985  \\$aConverted from MARCXML to MODS version 3.4 using MARC21slim2MODS3-4.xsl (Revision 1.95 2014/04/23)
=986  \\$a4171954

