=LDR  05250nab a2200781 u 4500
=001  9915651236007426
=005  20221119151146.0
=008  180619e201806\\xx\|||||o|||||||||||eng||
=016  7\$aIND605965066$2DNAL
=024  7\$a10.1007/s10021-017-0175-3$2doi
=035  \\$aagid:5965066-01nal_inst
=040  \\$aAGL$beng$cAGL
=100  1\$aScheller, RobertM.$eauthor$uPortland State University, P.O. Box 751, Portland, Oregon, 97201, USA. rschell@ncsu.edu
=245  10$aInteractions Among Fuel Management, Species Composition, Bark Beetles, and Climate Change and the Potential Effects on Forests of the Lake Tahoe Basin
=300  \\$ap. 643-656.
=520  \\$aClimate-driven increases in wildfires, drought conditions, and insect outbreaks are critical threats to forest carbon stores. In particular, bark beetles are important disturbance agents although their long-term interactions with future climate change are poorly understood. Droughts and the associated moisture deficit contribute to the onset of bark beetle outbreaks although outbreak extent and severity is dependent upon the density of host trees, wildfire, and forest management. Our objective was to estimate the effects of climate change and bark beetle outbreaks on ecosystem carbon dynamics over the next century in a western US forest. Specifically, we hypothesized that (a) bark beetle outbreaks under climate change would reduce net ecosystem carbon balance (NECB) and increase uncertainty and (b) these effects could be ameliorated by fuels management. We also examined the specific tree species dynamics-competition and release-that determined NECB response to bark beetle outbreaks. Our study area was the Lake Tahoe Basin (LTB), CA and NV, USA, an area of diverse forest types encompassing steep elevation and climatic gradients and representative of mixed-conifer forests throughout the western United States. We simulated climate change, bark beetles, wildfire, and fuels management using a landscape-scale stochastic model of disturbance and succession. We simulated the period 2010-2100 using downscaled climate projections. Recurring droughts generated conditions conducive to large-scale outbreaks; the resulting large and sustained outbreaks significantly increased the probability of LTB forests becoming C sources over decadal time scales, with slower-than-anticipated landscape-scale recovery. Tree species composition was substantially altered with a reduction in functional redundancy and productivity. Results indicate heightened uncertainty due to the synergistic influences of climate change and interacting disturbances. Our results further indicate that current fuel management practices will not be effective at reducing landscape-scale outbreak mortality. Our results provide critical insights into the interaction of drivers (bark beetles, wildfire, fuel management) that increase the risk of C loss and shifting community composition if bark beetle outbreaks become more frequent.
=592  \\$aPublisher supplied data
=593  \\$aPubAg article
=650  \3$abark beetles
=650  \3$abasins
=650  \3$acarbon
=650  \3$acarbon sinks
=650  \3$aclimate
=650  \3$aclimate change
=650  \3$acommunity structure
=650  \3$adrought
=650  \3$aecosystems
=650  \3$aforest management
=650  \3$aforest types
=650  \3$afuels
=650  \3$afuels (fire ecology)
=650  \3$ainsect outbreaks
=650  \3$alakes
=650  \3$amortality
=650  \3$anet ecosystem exchange
=650  \3$arisk
=650  \3$aspecies diversity
=650  \3$astochastic processes
=650  \3$atrees
=650  \3$auncertainty
=650  \3$awildfires
=651  \3$aWestern United States
=700  1\$aKretchun, AlecM.$eauthor$uPortland State University, P.O. Box 751, Portland, Oregon, 97201, USA
=700  1\$aLoudermilk, E.Louise$eauthor$uUSDA Forest Service, Forestry Sciences Laboratory, 320 Green St., Athens, Georgia, 30602, USA
=700  1\$aHurteau, MatthewD.$eauthor$uUniversity of New Mexico, Albuquerque, New Mexico, 87131, USA
=700  1\$aWeisberg, PeterJ.$eauthor$uUniversity of Nevada-Reno, 1664 N Virginia St., Reno, Nevada, 89503, USA
=700  1\$aSkinner, Carl$eauthor$uUSDA Forest Service Pacific Southwest Research Station, Redding, California, USA
=773  0\$tEcosystems.$g2018 June, v. 21, no. 4 p.643-656$dSpringer US$wJournal:jnl70038$x1432-9840$7nnas
=787  1\$oislandora_article_repository
=787  1\$oproduct_pubag
=787  1\$o(Journal)jnl70038
=856  40$uhttp://dx.doi.org/10.1007/s10021-017-0175-3$3Available from publisher's site
=912  \\$aArticle
=914  \\$aJournal:jnl70038$b1432-9840$c21$d4$e643
=914  \\$fEcosystems
=916  \\$aBatch:2013
=917  \\$aissued
=918  2\$aSpringer$eprovider$5DNAL
=935  \\$aIND605965066$9ExL
=949  \\$a2018-07-16
=953  \\$a/data/metadata/incoming/springer/ftp_PUB_18-06-01_14-04-46.zip
=954  \\$afile:/data/metadata/staging/springer/10021-21-4.xml
=955  \\$a/data/metadata/staging/springer/
=961  \\$aUSDA/FS
=962  \\$aBatch:2013 reviewed on 2018-07-16T04:00:02Z
=974  \\$aagid:5965066
=983  \\$a2018-06-19
=984  \\$a2018-07-16

