=LDR  05201nab a2200661 u 4500
=001  9915651871307426
=005  20221119104807.0
=008  181015e201811\\xx\|||||o|||||||||||eng||
=016  7\$aIND606162218$2DNAL
=024  7\$a10.1111/1365-2664.13241$2doi
=035  \\$aagid:6162218-01nal_inst
=040  \\$aAGL$beng$cAGL
=100  1\$aNaujokaitis‐Lewis, Ilona$eauthor$uDepartment of Forest and Wildlife Ecology, University of Wisconsin‐Madison, Madison, Wisconsin$1https://orcid.org/0000-0001-9504-4484
=245  10$aDelaying conservation actions matters for species vulnerable to climate change
=300  \\$ap. 2843-2853.
=500  \\$aJOURNAL ARTICLE
=520  \\$aClimate change vulnerability assessments are commonly used to identify species or populations at risk from global climate change, but few translate impact assessments to climate change adaptation actions. Furthermore, most climate change adaptation efforts emphasize where to implement management actions, whereas timing remains largely overlooked. The rate of modern climate change introduces urgency in evaluating whether delaying conservation actions compromises their efficacy for reaching important conservation targets. We evaluated the importance of multiple climate change adaptation strategies including timing of actions on preventing extinctions for a threatened climate‐sensitive species, the Eastern Massasauga rattlesnake (Sistrurus catenatus). We parameterized a range‐wide population viability analysis model that related demographic sensitivities to drought events and human‐modified land cover to assess vulnerability to future climate change. Using simulations, we assessed the efficacy and trade‐offs associated with alternative climate adaptation strategies aimed at maximizing the number of future populations including when to initiate conservation actions, duration of management, number of managed populations, and local management effectiveness. Population‐level projections under future climate change scenarios revealed a broad‐scale pattern of range contraction in the southwestern portion of the current range. Along the extinction gradient, we identified demographic strongholds and refugia critical for population persistence under climate change as well as populations at high risk of extinction and candidates for climate change adaptation actions. In the context of future climate change, the timing of conservation actions was crucial; acting earlier maximized chances of achieving conservation targets. Even considering uncertainty in climate change projections, delaying actions was less efficient and introduced undesirable trade‐offs including the need to implement conservation actions for longer or targeting more populations to achieve a similar conservation target. Synthesis and applications. Our findings highlight how acting quickly reduces risk and improves outcomes for a highly vulnerable species under future climate change. Climate change vulnerability assessments require translation of model‐based outputs into tractable information for climate change adaptation planning. Quantifying trade‐offs associated with the multidimensional decision space related to species conservation and recovery planning is a critical step in climate change adaptation.
=592  \\$aPublisher supplied data
=593  \\$aPubAg article
=596  \\$cUpper Midwest and Great Lakes Landscape Conservation Cooperative
=596  \\$cDepartment of Forest and Wildlife Ecology at the University of Wisconsin‐Madison
=650  \3$aSistrurus catenatus
=650  \3$aat-risk population
=650  \3$aclimate
=650  \3$aclimate change
=650  \3$adrought
=650  \3$aextinction
=650  \3$aland cover
=650  \3$amodels
=650  \3$aplanning
=650  \3$apopulation viability analysis
=650  \3$arefuge habitats
=650  \3$arisk
=650  \3$auncertainty
=650  \3$avulnerable species
=700  1\$aPomara, Lars Y.$eauthor$uDepartment of Forest and Wildlife Ecology, University of Wisconsin‐Madison, Madison, Wisconsin
=700  1\$aZuckerberg, Benjamin$eauthor$uDepartment of Forest and Wildlife Ecology, University of Wisconsin‐Madison, Madison, Wisconsin
=773  0\$tJournal of applied ecology.$g2018 Nov., v. 55, no. 6 p.2843-2853$dJohn Wiley & Sons, Ltd$wJournal:jnl57298$x0021-8901$7nnas
=787  1\$oislandora_article_repository
=787  1\$oproduct_pubag
=787  1\$o(Journal)jnl57298
=856  40$uhttp://dx.doi.org/10.1111/1365-2664.13241$3Available from publisher's site
=912  \\$aArticle
=914  \\$aJournal:jnl57298$b0021-8901$c55$d6$e2843
=914  \\$fJournal of applied ecology
=916  \\$aBatch:2099
=917  \\$aissued
=918  2\$aJohn Wiley & Sons, Inc$eprovider$5DNAL
=935  \\$aIND606162218$9ExL
=949  \\$a2018-11-29
=953  \\$a/data/metadata/incoming/wiley/00218901_2018_55_6.xml
=954  \\$afile:/data/metadata/staging/wiley/00218901_2018_55_6.xml
=955  \\$a/data/metadata/staging/wiley/
=961  \\$aUSDA/FS
=962  \\$aBatch:2099 reviewed on 2018-11-29T16:00:02Z
=974  \\$aagid:6162218
=983  \\$a2018-10-15
=984  \\$a2018-11-29

