=LDR  04450nab a2200709 u 4500
=001  9915652057507426
=005  20221215142836.0
=008  220606e202202\\xx\|||||o|||||||||||eng||
=016  7\$aIND607616664$2DNAL
=024  7\$a10.1016/j.ecolind.2021.108512$2chorus
=024  7\$a10.1016/j.ecolind.2021.108512$2doi
=035  \\$aagid:7616664-01nal_inst
=040  \\$aAGL$beng$cAGL
=100  1\$aHanberry, Brice B.$eauthor$uUSDA Forest Service, Rocky Mountain Research Station, Rapid City, SD 57702, USA
=245  10$aGlobal population densities, climate change, and the maximum monthly temperature threshold as a potential tipping point for high urban densities
=506  \\$aCreative Commons Attribution 4.0 Generic (CC BY 4.0)$uhttp://creativecommons.org/licenses/by/4.0/
=506  \\$aResource is Open Access$uhttp://purl.org/eprint/accessRights/OpenAccess
=506  \\$aCHORUS License Information
=520  \\$aHeat waves lasting days or weeks are among potential hazards expected to increase with climate change, but beyond heat waves, sustained temperatures may be incompatible with high urban population densities. I examined patterns of population density classes and exposure to maximum monthly temperature to identify where high urban population density classes were more at risk for prolonged heat than other density classes and if heat may have influenced high urban population densities during the recent past (1970-2000). Then, I considered exposure of population density classes to maximum monthly temperature during the near future (2021-2040, under the sustainability shared socio-economic pathway ssp1-2.6) and the long-range future (2081-2100, under fossil fuel-driven ssp5-8.5) for three general circulation models. Population densities generally increased with increasing maximum monthly temperature by country; the highest density urban class had the greatest exposure to heat for 82 out of 199 countries. By temperature zone, the hypertropical zone inverted the order such that population densities increased with decreasing maximum monthly temperature, indicating that concentrated populations generally did not develop at high maximum monthly temperatures ≥ 36 °C. The 36 °C maximum monthly temperature threshold corresponds to heat wave warnings, which typically consist of a few consecutive days. Therefore, 36 °C maximum monthly temperature may indicate the start of an inhospitable tipping point beyond which human civilization may not flourish. Most land area will exceed 36 °C maximum monthly temperature under the CanESM5 ssp5-8.5 scenario by 2081-2100. Adaptation is not sufficient to moderate sustained unrelenting heat and migration of human populations would be less feasible than mitigation to reduce carbon emissions.
=592  \\$aPublisher supplied data
=593  \\$aPubAg article
=596  \\$cRocky Mountain Research Station$dhttps://doi.org/10.13039/100014586
=596  \\$cU.S. Forest Service$dhttps://doi.org/10.13039/100006959
=596  \\$cUSDA$dhttps://doi.org/10.13039/100000199
=506  0\$fUnrestricted online access$2star
=650  \3$acarbon
=650  \3$aclimate change
=650  \3$afossils
=650  \3$aheat
=650  \3$ahumans
=650  \3$apopulation density
=650  \3$arisk
=650  \3$asocioeconomics
=650  \3$atemperature
=650  \3$aurban population
=653  \0$aCMIP6
=653  \0$aExurban
=653  \0$aHeat
=653  \0$aMitigation
=653  \0$aSuburban
=653  \0$aTipping point
=653  \0$aUrban
=773  0\$tEcological indicators.$g2022 Feb., v. 135 p.108512-$dElsevier Ltd$wJournal:6196$x1470-160X$7nnas
=787  1\$oislandora_article_repository
=787  1\$oproduct_pubag
=787  1\$o(Journal)6196
=856  40$uhttps://dx.doi.org/10.1016/j.ecolind.2021.108512$3Available from publisher's site
=912  \\$aArticle
=914  \\$aJournal:6196$b1470-160X$c135$e108512
=914  \\$fEcological indicators
=916  \\$aBatch:10220
=917  \\$aissued
=918  2\$aElsevier Consyn$eprovider$5DNAL
=935  \\$aIND607616664$9ExL
=949  \\$a2022-02-23
=953  \\$a/data/metadata/incoming/consyn/152621049099972364-00006-HEAD-ONLY-NEW CONSYN ISSNS.zip
=954  \\$afile:/data/metadata/staging/consyn/S1470160X21011778.xml
=955  \\$a/data/metadata/staging/consyn/
=961  \\$aUSDA/FS
=974  \\$aagid:7616664
=983  \\$a2022-06-06
=984  \\$a2022-09-06

