=LDR  04818nab a2200793 u 4500
=001  9915653137507426
=005  20221214223503.0
=008  220803e201707\\xx\|||||o|||||||||||eng||
=016  7\$aIND606632611$2DNAL
=024  7\$a335411$2aris
=024  7\$a10113/6632611$2hdl
=024  7\$a10.2134/agronj2016.10.0626$2doi
=024  8\$ans16837
=035  \\$aagid:6632611-01nal_inst
=040  \\$aAGL$beng$cAGL
=100  1\$aHatfield, Jerry$eauthor$uUSDA‐ARS, National Lab for Agriculture and the Environment, 1015 N. University Blvd, Ames, IA, 50011
=245  10$aTurfgrass and Climate Change
=300  \\$ap. 1708-1718.
=500  \\$aJOURNAL ARTICLE
=500  \\$aepub
=506  \\$aWorks produced by employees of the U.S. Government as part of their official duties are not copyrighted within the U.S. The content of this document is not copyrighted.
=520  \\$aCORE IDEAS: Climate change will affect temperature and precipitation patterns. Increasing temperatures will cause a shift in turfgrass species to more northen climates. Variation among varieties of turfgrass provide opportunity to increase climate resilience. Climate change will increase abiotic and biotic stresses on turfgrass. Climate change is occurring and is impacting biological systems through increased temperatures, more variable precipitation, and increased CO₂ in the atmosphere. These effects have been documented for agricultural species, primarily grain crops, pasture and rangeland species. The extension of these relationships to turfgrass has been limited; however, these plants are an important part of our ecosystems and preservation of these plantings adds to social value and ecosystem services. Turfgrasses can be divided into cool‐season and warm‐season species and the projected changes in maximum air temperatures, along with increased root zone temperatures may promote a Northward migration of warm‐season turfgrasses. Increased spring precipitation and more variable summer precipitation coupled with more intense precipitation events are projected to occur requiring enhanced management of soil water. Turfgrass management to ensure adequate root zone soil water, and the selection of varieties or species with greater drought tolerance in the warmer regions will be necessary to preserve turfgrass plantings. Increases in CO₂ benefits turfgrass growth and positively affects water use efficiency, which decreases the potential effects of a more variable precipitation regime because of impacts on soil water use. Genotypic variation in response to soil water deficits provides a foundation for screening turfgrass species to adapt to climatic stresses. Changes in temperature and precipitation variation will increase the potential for abiotic and biotic stresses on turfgrasses. Turfgrass management will require increased attention to increased abiotic and biotic stresses.
=592  \\$aPublisher supplied data
=593  \\$aPubAg article
=593  \\$eARIS manuscript
=650  \3$aagronomy
=650  \3$aair
=650  \3$acarbon dioxide
=650  \3$aclimate
=650  \3$aclimate change
=650  \3$acold season
=650  \3$adrought tolerance
=650  \3$aecosystems
=650  \3$agenetic variation
=650  \3$apastures
=650  \3$arangelands
=650  \3$arhizosphere
=650  \3$asocial benefit
=650  \3$asoil water
=650  \3$aspring
=650  \3$asummer
=650  \3$aturf grasses
=650  \3$aturf management
=650  \3$awarm season
=650  \3$awater use efficiency
=773  0\$tAgronomy journal.$g2017 July, v. 109, no. 4 p.1708-1718$dThe American Society of Agronomy, Inc.$wJournal:jnl44592$x0002-1962$7nnas
=787  1\$oislandora_article_repository
=787  1\$oproduct_pubag
=787  1\$o(Journal)jnl44592
=856  40$uhttps://handle.nal.usda.gov/10113/6632611$3Available in the National Agricultural Library PubAg search system
=856  40$uhttps://dx.doi.org/10.2134/agronj2016.10.0626$3Available from publisher's site
=912  \\$aArticle
=914  \\$aJournal:jnl44592$b0002-1962$c109$d4$e1708
=914  \\$fAgronomy journal
=917  \\$aissued
=918  2\$aJohn Wiley & Sons, Inc$eprovider$5DNAL
=935  \\$aIND606632611$9ExL
=949  \\$a2022-08-04
=952  \\$dNAL-AP-2-clean
=953  \\$a/data/metadata/incoming/wiley/00021962_2017_109_4.xml
=954  \\$afile:/data/metadata/staging/wiley/00021962_2017_109_4.xml
=955  \\$a/data/metadata/staging/wiley/
=956  \\$aARIS submission$bhttps://submit.nal.usda.gov/system/files/submissions/nal%2035411%20Hatfield%20turfgrass%20and%20climate%20change%202017.pdf
=961  \\$aUSDA/ARS
=962  \\$aUSDA Scientist Submission
=974  \\$aagid:6632611
=983  \\$a2022-08-03
=984  \\$a2022-08-04
=986  \\$ans16837

