=LDR  04084nab a2200709 u 4500
=001  9915654545807426
=005  20221119121238.0
=008  090918e20090930xx\|||||o|||||||||||eng||
=016  7\$aIND44260408$2DNAL
=024  7\$a10.1016/j.jhydrol.2009.07.029$2doi
=024  7\$a10113/33875$2hdl
=035  \\$aagid:33875-01nal_inst
=040  \\$aAGL$beng$cAGL
=072  \0$aP200
=072  \0$aB200
=100  1\$aTomer, Mark D.
=245  12$aA simple approach to distinguish land-use and climate-change effects on watershed hydrology
=300  \\$ap. 24-33.
=500  \\$aIncludes references
=500  \\$a2019-12-05
=520  \\$aImpacts of climate change on watershed hydrology are subtle compared to cycles of drought and surplus precipitation (PPT), and difficult to separate from effects of land-use change. In the US Midwest, increasing baseflow has been more attributed to increased annual cropping than climate change. The agricultural changes have led to increased fertilizer use and nutrient losses, contributing to Gulf of Mexico hypoxia. In a 25-yr, small-watershed experiment in Iowa, when annual hydrologic budgets were accrued between droughts, a coupled water-energy budget (ecohydrologic) analysis showed effects of tillage and climate on hydrology could be distinguished. The fraction of PPT discharged increased with conservation tillage and time. However, unsatisfied evaporative demand (PET - Hargreaves method) increased under conservation tillage, but decreased with time. A conceptual model was developed and a similar analysis conducted on long-term (>1920s) records from four large, agricultural Midwest watersheds underlain by fine-grained tills. At least three of four watersheds showed decreases in PET, and increases in PPT, discharge, baseflow and PPT:PET ratios (p <0.10). An analysis of covariance showed the fraction of precipitation discharged increased, while unsatisfied evaporative demand decreased with time among the four watersheds (p <0.001). Within watersheds, agricultural changes were associated with ecohydrologic shifts that affected timing and significance, but not direction, of these trends. Thus, an ecohydrologic concept derived from small-watershed research, when regionally applied, suggests climate change has increased discharge from Midwest watersheds, especially since the 1970s. By inference, climate change has increased susceptibility of nutrients to water transport, exacerbating Gulf of Mexico hypoxia.
=593  \\$aPubAg article
=593  \\$cUSDA submission
=650  \3$aland use change
=650  \3$aagricultural runoff
=650  \3$aclimate change
=650  \3$aevaporation
=650  \3$awatershed hydrology
=650  \3$abase flow
=650  \3$aconservation tillage
=650  \3$aagricultural watersheds
=651  \3$aIowa
=651  \3$aIllinois
=651  \3$aMissouri
=653  \0$awater balance
=653  \0$aecohydrology
=653  \0$aprecipitation
=653  \0$atillage
=700  1\$aSchilling, Keith E.
=773  0\$tJournal of hydrology.$g2009 Sept. 30, v.  376, no.  1-2 p.24-33$dElsevier$x0022-1694$7nnas
=787  1\$oproduct_pubag
=787  1\$oislandora_article_repository
=787  1\$oislandora_pubag_with_text
=787  1\$o(Journal)jnl46539
=852  \\$aDNAL
=856  40$uhttps://handle.nal.usda.gov/10113/33875$3Available in the National Agricultural Library PubAg search system
=856  40$uhttp://dx.doi.org/10.1016/j.jhydrol.2009.07.029$3Available from publisher's Web site
=912  \\$aArticle
=914  \\$aJournal:jnl46539$b0022-1694$c376$d1-2$e24
=914  \\$fJournal of hydrology
=917  \\$aissued
=930  \\$a20090929$b20091106$c00000000
=935  \\$aIND44260408$9ExL
=945  \\$aIND$dRHF$e2009/09/28
=946  \\$aNon-US
=949  \\$a2016-09-13
=952  \\$a20090929 20091106 00000000$bIND RHF 2009/09/28
=961  \\$aUSDA/ARS
=974  \\$aagid:33875
=984  \\$a2009-11-07
=985  \\$aConverted from MARCXML to MODS version 3.4 using MARC21slim2MODS3-4.xsl (Revision 1.95 2014/04/23)
=986  \\$a4260408

