=LDR  04439nab a2200841 u 4500
=001  9915657832307426
=005  20221214225324.0
=008  191122e201611\\xx\|||||o|||||||||||eng||
=016  7\$aIND600063263$2DNAL
=024  7\$a330954$2aris
=024  7\$a10113/63263$2hdl
=024  7\$a10.2134/agronj2016.07.0406$2doi
=024  8\$ans11490
=035  \\$aagid:63263-01nal_inst
=040  \\$aAGL$beng$cAGL
=100  1\$aNielsen, David C.$eauthor
=245  10$aEvaluating Potential Dryland Cropping Systems Adapted to Climate Change in the Central Great Plains
=300  \\$ap. 2391-2405.
=500  \\$aepub
=506  \\$aWorks produced by employees of the U.S. Government as part of their official duties are not copyrighted within the U.S. The content of this document is not copyrighted.
=520  \\$aClimate in the semiarid central Great Plains is expected to become warmer and drier in coming decades, with potentially greater variability in precipitation and temperature. Cropping systems that include forages and allow flexibility for determining if a crop should be planted and which crop to plant (based on available soil water at planting) may provide the opportunity to maintain economic viability in a changing climate environment. The objective of this study was to compare cropping system productivity and profitability of flexible rotations that incorporate forages against grain-based cropping systems that are set rotational sequences. Yield and net returns for five set rotations and three flexible rotations were compared at Akron, CO, over 5 yr. Winter wheat (Triticum aestivum L.) yields were reduced by 57% when the fallow period prior to wheat production was replaced with crop production. Average net income was greatest for the continuously cropped all-forage set 3-yr rotation followed by the flexible 3-yr rotations that included wheat and forage phases. The lowest net returns were seen for the set grain-based rotations and the flexible wheat-grain crop rotation. Incorporating forage production as a phase in dryland wheat rotational systems can add profitability and sustainability to the production system in the face of climate variability.
=592  \\$aPublisher supplied data
=593  \\$aPubAg article
=594  \\$aEmbargoed article
=595  \\$a1044$brdonahue$c2017-02-03$dcmartinez$e2017-02-03
=593  \\$eARIS manuscript
=650  \3$aTriticum aestivum
=650  \3$aarid lands
=650  \3$aclimate change
=650  \3$acontinuous cropping
=650  \3$acrop rotation
=650  \3$acrops
=650  \3$adryland farming
=650  \3$aeconomic sustainability
=650  \3$aforage
=650  \3$aforage production
=650  \3$agrain yield
=650  \3$aincome
=650  \3$aplant available water
=650  \3$aplanting
=650  \3$aprofitability
=650  \3$asemiarid zones
=650  \3$atemperature
=650  \3$awinter wheat
=651  \3$aColorado
=651  \3$aGreat Plains region
=700  1\$aVigil, Merle F.$eauthor
=700  1\$aHansen, Neil C.$eauthor
=773  0\$tAgronomy journal.$g2016 Nov., v. 108, no. 6 p.2391-2405$dThe American Society of Agronomy, Inc.$wJournal:jnl44592$x0002-1962$7nnas
=787  1\$oislandora_article_repository
=787  1\$oproduct_pubag
=787  1\$o(Journal)jnl44592
=856  40$uhttps://handle.nal.usda.gov/10113/63263$3Available in the National Agricultural Library PubAg search system
=856  40$uhttps://dx.doi.org/10.2134/agronj2016.07.0406$3Available from publisher's site
=912  \\$aArticle
=914  \\$aJournal:jnl44592$b0002-1962$c108$d6$e2391
=914  \\$fAgronomy journal
=916  \\$aBatch:1543
=917  \\$aissued
=918  2\$aACSESS$eprovider$5DNAL
=935  \\$aIND600063263$9ExL
=949  \\$a2019-09-09
=953  \\$a/data/metadata/incoming/acsess_backfiles/aj.xml
=954  \\$afile:/data/metadata/staging/acsess_backfiles/aj.xml
=955  \\$a/data/metadata/staging/acsess_backfiles/
=956  \\$aARIS submission$bhttp://submit.nal.usda.gov/system/files/submissions/633%202016%20Nielsen%20-%20Evaluating%20potential%20dryland%20cropping%20systems%20adapted%20to%20climate%20change%20in%20the%20central%20Great%20Plains.pdf
=961  \\$aUSDA
=962  \\$aUSDA Scientist Submission
=962  \\$aBatch:1543 reviewed on 2017-02-14T12:00:02Z
=974  \\$aagid:63263
=983  \\$a2019-11-22
=984  \\$a2019-11-22
=986  \\$ans11490

