=LDR  05644nab a2200697 u 4500
=001  9915658661507426
=005  20221119185215.0
=008  210410e202105\\xx\|||||o|||||||||||eng||
=016  7\$aIND607336672$2DNAL
=024  7\$a10.1111/gcb.15559$2doi
=035  \\$aagid:7336672-01nal_inst
=040  \\$aAGL$beng$cAGL
=100  1\$aMartínez‐López, Oscar$eauthor$uDepartamento Agricultura, Sociedad y Ambiente, El Colegio de la Frontera Sur, San Cristóbal de Las Casas, Chiapas, México$1https://orcid.org/0000-0002-3996-0928
=245  10$aReduction in the potential distribution of bumble bees (Apidae: Bombus) in Mesoamerica under different climate change scenarios: Conservation implications
=300  \\$ap. 1772-1787.
=500  \\$aNAL-AP-2-clean
=500  \\$aJOURNAL ARTICLE
=520  \\$aBumble bees are an ecologically and economically important group of pollinating insects worldwide. Global climate change is predicted to affect bumble bee ecology including habitat suitability and geographic distribution. Our study aims to estimate the impact of projected climate change on 18 Mesoamerican bumble bee species. We used ecological niche modeling (ENM) using current and future climate emissions scenarios (representative concentration pathway 4.5, 6.0, and 8.5) and models (CCSM4, HadGEM2‐AO, and MIROC‐ESM‐CHEM). Regardless of the scenario and model applied, our results suggest that all bumble bee species are predicted to undergo a reduction in their potential distribution and habitat suitability due to projected climate change. ENMs based on low emission scenarios predict a distribution loss ranging from 7% to 67% depending on the species for the year 2050. Furthermore, we discovered that the reduction of bumble bee geographic range shape will be more evident at the margins of their distribution. The reduction of suitable habitat is predicted to be accompanied by a 100-500 m upslope change in altitude and 1-581 km shift away from the current geographic centroid of a species' distribution. On average, protected natural areas in Mesoamerica cover ~14% of each species' current potential distribution, and this proportion is predicted to increase to ~23% in the high emission climate change scenarios. Our models predict that climate change will reduce Mesoamerican bumble bee habitat suitability, especially for rare species, by reducing their potential distribution ranges and suitability. The small proportion of current and future potential distribution falling in protected natural areas suggests that such areas will likely have marginal contribution to bumble bee habitat conservation. Our results have the capacity to inform stakeholders in designing effective landscape management for bumble bees, which may include developing restoration plans for montane pine oak forests habitats and native flowering plants.
=592  \\$aPublisher supplied data
=593  \\$aPubAg article
=596  \\$cDavid H. Smith Conservation Research Fellowship
=596  \\$a470477$cConsejo Nacional de Ciencia y Tecnología
=596  \\$a291333$cSecretaría de Agricultura y Desarrollo Rural ‐ Consejo Nacional de Ciencia y Tecnología
=596  \\$aJE016$cComisión Nacional para el Conocimiento y Uso de la Biodiversidad
=650  \3$aBombus
=650  \3$aaltitude
=650  \3$aclimate
=650  \3$aclimate change
=650  \3$ageographical distribution
=650  \3$ahabitat conservation
=650  \3$alandscape management
=650  \3$amodels
=650  \3$aniches
=650  \3$arare species
=650  \3$astakeholders
=651  \3$aCentral America
=700  1\$aKoch, Jonathan B.$eauthor$uUnited States Department of Agriculture - Agricultural Research Service - Pacific West Area - Pollinating Insects - Biology, Management, and Systematics Research Unit, Logan, UT, USA
=700  1\$aMartínez‐Morales, Miguel A.$eauthor$uDepartamento Conservación de la Biodiversidad, El Colegio de la Frontera Sur, San Cristóbal de Las Casas, Chiapas, México
=700  1\$aNavarrete‐Gutiérrez, Darío$eauthor$uDepartamento de Observación y Estudio de la Tierra, la Atmósfera y el Océano, Grupo: Ecología, paisaje y sustentabilidad, El Colegio de la Frontera Sur, San Cristóbal de Las Casas, Chiapas, México
=700  1\$aEnríquez, Eunice$eauthor$uUnidad para el Conocimiento, Uso y Valoración de la Biodiversidad, Centro de Estudios Conservacionistas-CECON, Facultad de Ciencias Químicas y Farmacia, Universidad de San Carlos de Guatemala, Guatemala, Guatemala
=700  1\$aVandame, Rémy$eauthor$uDepartamento Agricultura, Sociedad y Ambiente, El Colegio de la Frontera Sur, San Cristóbal de Las Casas, Chiapas, México$1https://orcid.org/0000-0001-6931-1067
=773  0\$tGlobal change biology.$g2021 May, v. 27, no. 9 p.1772-1787$dJohn Wiley & Sons, Ltd$wJournal:jnl57021$x1354-1013$7nnas
=787  1\$oislandora_article_repository
=787  1\$oproduct_pubag
=787  1\$o(Journal)jnl57021
=856  40$uhttp://dx.doi.org/10.1111/gcb.15559$3Available from publisher's site
=912  \\$aArticle
=914  \\$aJournal:jnl57021$b1354-1013$c27$d9$e1772
=914  \\$fGlobal change biology
=916  \\$aBatch:10149
=917  \\$aissued
=918  2\$aJohn Wiley & Sons, Inc$eprovider$5DNAL
=935  \\$aIND607336672$9ExL
=949  \\$a2021-06-18
=953  \\$a/data/metadata/incoming/wiley/13541013_2021_27_9.xml
=954  \\$afile:/data/metadata/staging/wiley/13541013_2021_27_9.xml
=955  \\$a/data/metadata/staging/wiley/
=961  \\$aUSDA/ARS
=974  \\$aagid:7336672
=983  \\$a2021-04-10
=984  \\$a2021-06-18

