=LDR  04759nab a2200757 u 4500
=001  9915661884807426
=005  20221119160526.0
=008  190403e20130501xx\|||||o|||||||||||eng||
=016  7\$aIND500650704$2DNAL
=024  7\$a10.1016/j.foreco.2012.12.024$2doi
=035  \\$aagid:592758-01nal_inst
=040  \\$aAGL$beng$cAGL
=100  1\$aJoyce, Dennis G.$eauthor$uOntario Ministry of Natural Resources, 70 Foster Drive, Suite 400, Sault Ste. Marie, Ontario, Canada P6A 6V5
=245  10$aClimatic niche, ecological genetics, and impact of climate change on eastern white pine (Pinus strobus L.): Guidelines for land managers
=300  \\$ap. 173-192.
=520  \\$aApproximately, 123,500 forest inventory and ecological ground plots representing eastern North America were used to predict the contemporary distribution of eastern white pine (Pinus strobus L.) from climate. The random forests classification tree procedures produced an 8-variable algorithm that had an 8% overall error rate. Erroneous predictions of presence, or errors of commission, were 13%, while falsely predicting absence, or errors of omission were 1%. Climate-based multiple regression models were developed to describe patterns of genetic variation among 112 populations representing the range of P. strobus in Ontario, Canada east of Lake Superior. Degree days >5°C was the best predictor of variation in phenology and growth potential, with 5-year height providing the greatest resolution of inter-population variation (R2=0.68). Cold hardiness in the fall was most closely associated with mean minimum temperature (R2=0.26). Height growth data from four disparate provenance test series that together included a total of 354 provenances corroborated the range-wide applicability of the regional genetic models. Although variation in growth potential in the central Appalachian Mountains was most closely associated with mean minimum temperature, degree days >5°C remained the best predictor of range-wide variation in growth potential (R2=0.41). The contemporary distribution and inter-population genetic variation were projected into future climates predicted by three General Circulation Models, two scenarios, and three time steps. All projections indicate early and sustained deterioration in the contemporary habitat. Concurrence among projections regarding the redistribution of suitable habitat to the north of the contemporary distribution identifies geographic locations with the highest probability of supporting vigorous stands of P. strobus. Concurrences among genetic projections clarify the intraspecific redistribution required to conserve adaptive variation. The projections have direct relevance in developing management strategies for accommodating the changing climate.
=592  \\$aPublisher supplied data
=593  \\$aPubAg article
=650  \3$aGeneral Circulation Models
=650  \3$aPinus strobus
=650  \3$aalgorithms
=650  \3$aclimate
=650  \3$aclimate change
=650  \3$acold tolerance
=650  \3$aforest inventory
=650  \3$aforest trees
=650  \3$agenetic variation
=650  \3$ageographical distribution
=650  \3$aguidelines
=650  \3$aheat sums
=650  \3$amanagers
=650  \3$aniches
=650  \3$aphenology
=650  \3$aprediction
=650  \3$aprobability
=650  \3$aprovenance
=650  \3$aregression analysis
=650  \3$atemperature
=651  \3$aAppalachian region
=651  \3$aOntario
=653  \0$aBioclimate models
=653  \0$aEcological genetics
=653  \0$aClimatic niche
=653  \0$aClimate response models
=653  \0$aSeed transfer guidelines
=653  \0$aSeed zones
=700  1\$aRehfeldt, Gerald E.$eauthor$uRocky Mountain Research Station, USDA Forest Service, Forestry Sciences Laboratory, 1221 S. Main, Moscow, ID 83843, USA
=773  0\$tForest ecology and management.$g2013 May 01, v. 295 p.173-192$dElsevier B.V.$wJournal:jnl9013$x0378-1127$7nnas
=787  1\$oislandora_article_repository
=787  1\$oproduct_pubag
=787  1\$o(Journal)jnl9013
=856  40$uhttps://dx.doi.org/10.1016/j.foreco.2012.12.024$3Available from publisher's site
=912  \\$aArticle
=914  \\$aJournal:jnl9013$b0378-1127$c295$e173
=914  \\$fForest ecology and management
=917  \\$aissued
=918  2\$aElsevier Consyn$eprovider$5DNAL
=935  \\$aIND500650704$9ExL
=949  \\$a2019-04-03
=953  \\$a/data/metadata/incoming/consyn-backfiles/46-2-00064-HEAD-ONLY.zip
=954  \\$afile:/data/metadata/staging/consyn-backfiles/S0378112712007475.xml
=955  \\$a/data/metadata/staging/consyn-backfiles/
=961  \\$aUSDA/FS
=974  \\$aagid:592758
=983  \\$a2019-04-03
=984  \\$a2019-04-03

