=LDR  03209nab a2200577 u 4500
=001  9915662409107426
=005  20221214223515.0
=008  141126s2013\\\\xx\|||||o|||||||||||eng||
=016  7\$aIND601175939$2DNAL
=024  7\$a10113/1175939$2hdl
=024  7\$a283918$2aris
=024  7\$a10.1007/978-94-007-5872-8_16$2doi
=024  8\$ans5915
=035  \\$aagid:1175939-01nal_inst
=040  \\$aAGL$beng$cAGL
=100  1\$aGao, Feng$eauthor
=245  10$aIntegrating Landsat with MODIS Products for Vegetation Monitoring
=300  \\$ap. 247-261.
=506  \\$aWorks produced by employees of the U.S. Government as part of their official duties are not copyrighted within the U.S. The content of this document is not copyrighted.
=520  \\$aSatellite imagery provides a valuable data source for monitoring vegetation from space. In order to monitor vegetation dynamic and changes, high spatial resolution satellite imagery with frequent acquisition is required. However, current satellite systems cannot satisfy these requirements due to either technical or fiscal difficulties. In recent years, studies have been focused on integrating high spatial resolution Landsat and high temporal resolution MODIS data for vegetation monitoring. This chapter describes three categories of approach to integrate two data sources. The first category approach adopts MODIS algorithms for Landsat data processing. The second category approach blends Landsat and MODIS data through a data fusion approach. The third category approach normalizes Landsat data using standard MODIS data products. This chapter presents examples and recent applications on the integration of Landsat and MODIS data. Their advantages and limitations are discussed.
=593  \\$aPubAg article
=593  \\$eARIS manuscript
=650  \3$aLandsat
=650  \3$aalgorithms
=650  \3$amoderate resolution imaging spectroradiometer
=650  \3$amonitoring
=650  \3$aremote sensing
=650  \3$avegetation
=773  0\$tSatellite-based Applications on Climate Change.$g2013,  p.247-261$dSpringer Netherlands$z978-94-007-5871-1$7nnas
=787  1\$oislandora_article_repository
=787  1\$oproduct_pubag
=856  40$uhttps://handle.nal.usda.gov/10113/1175939$3Available in the National Agricultural Library Digital Collections
=856  40$uhttp://dx.doi.org/10.1007/978-94-007-5872-8_16$3Available from publisher's site
=912  \\$aArticle
=914  \\$fSatellite-based Applications on Climate Change
=916  \\$aBatch:755
=917  \\$aissued
=935  \\$aIND601175939$9ExL
=949  \\$a2017-03-07
=956  \\$aARIS submission$bhttp://submit-u.nal.usda.gov/system/files/submissions/303152_1_En_16.pdf
=961  \\$aUSDA
=962  \\$aUSDA Scientist Submission
=962  \\$aBatch:755 annotated on 2014-12-11T20:14:16Z
=962  \\$aBatch:755 reviewed on 2015-01-13T16:00:04Z
=962  \\$aBatch:755 reviewed on 2015-01-15T11:00:02Z
=974  \\$aagid:1175939
=979  \\$eAccept - AGRICOLA
=983  \\$a2014-11-26
=984  \\$a2021-10-12
=985  \\$aUSDA submission converted from Drupal to MODS version 3.4 using submission2mods.xsl (Revision 1.002 2014/01/28)
=986  \\$ans5915

