=LDR  05702nab a2200889 u 4500
=001  9915663329907426
=005  20221119164046.0
=008  190318e201704\\xx\|||||o|||||||||||eng||
=016  7\$aIND605602612$2DNAL
=024  7\$a10.1016/j.soilbio.2016.12.028$2doi
=035  \\$aagid:5602612-01nal_inst
=040  \\$aAGL$beng$cAGL
=100  1\$aDurán, Jorge$eauthor$uCentre for Functional Ecology, Department of Life Sciences, University of Coimbra, 3000-456 Coimbra, Portugal
=245  10$aDifferential sensitivity to climate change of C and N cycling processes across soil horizons in a northern hardwood forest
=300  \\$ap. 77-84.
=520  \\$aClimate of the northern hardwood forests of North America will become significantly warmer in the coming decades. Associated increases in soil temperature, decreases in water availability and changes in winter snow pack and soil frost are likely to affect soil carbon (C) and nitrogen (N) cycling. Most studies of the effects of climate change on soil function have focused on the upper-organic part of the soil profile (e.g., forest floor), and little is known about effects on deeper mineral soil horizons. We exploited an elevation/orientation gradient at the Hubbard Brook Experimental Forest (New Hampshire, USA) to evaluate how variation in climate, similar to that projected to occur over the next 50-100 years, affects soil C and N pools and transformation rates in different soil horizons of northern hardwood forests. Lower elevation, south-facing plots with higher soil temperature, less soil moisture and snow, and increased frequency of soil freeze/thaw events had less soil inorganic N content and lower potential net N mineralization rates compared to higher elevation, north facing plots. These differences in N pools and fluxes were consistent for all soil horizons, but sensitivity to climate variation increased with soil depth, confirming that assessments of climate change effects that do not consider variation throughout the soil profile are likely to be incomplete and potentially inaccurate. Nitrogen cycling processes were more sensitive to climate variation than C cycling processes, suggesting a decoupling of C and N cycles in coming decades, with important implications for ecosystem function. Soil processes showed greater sensitivity to climate variation in summer than in spring, and in the warmer and less snowy year of sampling, suggesting that the effects of climate change might become more pronounced as temperatures increase and snow fall and water availability decrease in the coming decades.
=592  \\$aPublisher supplied data
=593  \\$aPubAg article
=650  \3$aaltitude
=650  \3$acarbon
=650  \3$aclimate
=650  \3$aclimate change
=650  \3$aecosystems
=650  \3$aforest litter
=650  \3$afrost
=650  \3$ahardwood forests
=650  \3$amineral soils
=650  \3$amineralization
=650  \3$anitrogen
=650  \3$anitrogen content
=650  \3$anitrogen cycle
=650  \3$asnow
=650  \3$asnowpack
=650  \3$asoil depth
=650  \3$asoil horizons
=650  \3$asoil profiles
=650  \3$asoil temperature
=650  \3$asoil water
=650  \3$aspring
=650  \3$asummer
=651  \3$aNew Hampshire
=653  \0$aCarbon
=653  \0$aNitrogen
=653  \0$aForest soil
=653  \0$aGlobal warming
=653  \0$aSnow
=653  \0$aFrost
=700  1\$aMorse, Jennifer L.$eauthor$uPortland State University, Environmental Science and Management, PO Box 751 (ESM) Portland, OR 97207, USA
=700  1\$aRodríguez, Alexandra$eauthor$uCentre for Functional Ecology, Department of Life Sciences, University of Coimbra, 3000-456 Coimbra, Portugal
=700  1\$aCampbell, John L.$eauthor$uUSDA Forest Service, Northern Research Station, 271 Mast Road, Durham, NH 03824, USA
=700  1\$aChristenson, Lynn M.$eauthor$uVassar College, Biology Department, 124 Raymond Ave., Poughkeepsie, NY 12604, USA
=700  1\$aDriscoll, Charles T.$eauthor$uSyracuse University, Department of Civil and Environmental Engineering, 151 Link Hall, Syracuse, NY 13244, USA
=700  1\$aFahey, Timothy J.$eauthor$uCornell University, Department of Natural Resources, Ithaca, NY 14850, USA
=700  1\$aFisk, Melany C.$eauthor$uMiami University, Department of Zoology, 501 E High St, Oxford, OH 45056, USA
=700  1\$aMitchell, Myron J.$eauthor$uSUNY-College of Environmental Science and Forestry, Department of Environmental Resources Engineering, 1 Forestry Dr, Syracuse, NY 13210, USA
=700  1\$aTempler, Pamela H.$eauthor$uBoston University, Department of Biology, 5 Cummington Mall, Boston, MA 02215, USA
=700  1\$aGroffman, Peter M.$eauthor$uCary Institute of Ecosystem Studies, 2801 Sharon Turnpike, Millbrook, NY 12545, USA
=773  0\$tSoil biology & biochemistry.$g2017 Apr., v. 107 p.77-84$dElsevier Ltd$wJournal:jnl124$x0038-0717$7nnas
=787  1\$oislandora_article_repository
=787  1\$oproduct_pubag
=787  1\$o(Journal)jnl124
=856  40$uhttps://dx.doi.org/10.1016/j.soilbio.2016.12.028$3Available from publisher's site
=912  \\$aArticle
=914  \\$aJournal:jnl124$b0038-0717
=914  \\$fSoil biology & biochemistry
=916  \\$aBatch:1551
=917  \\$aissued
=918  2\$aElsevier Consyn$eprovider$5DNAL
=935  \\$aIND605602612$9ExL
=949  \\$a2019-03-18
=953  \\$a/data/metadata/incoming/consyn/46-2-00017-HEAD-ONLY.zip
=954  \\$afile:/data/metadata/staging/consyn/S0038071716308410.xml
=955  \\$a/data/metadata/staging/consyn/
=961  \\$aUSDA/FS
=974  \\$aagid:5602612
=983  \\$a2019-03-18
=984  \\$a2019-03-18

