=LDR  04807nab a2200769 u 4500
=001  9915665385107426
=005  20221119175226.0
=008  190403e201504\\xx\|||||o|||||||||||eng||
=016  7\$aIND605354490$2DNAL
=024  7\$a10.1016/j.agwat.2015.01.012$2doi
=035  \\$aagid:5354490-01nal_inst
=040  \\$aAGL$beng$cAGL
=100  1\$aNam, Won-Ho$eauthor$uNational Drought Mitigation Center (NDMC), School of Natural Resources, University of Nebraska-Lincoln, Lincoln, NE, USA
=245  10$aIrrigation vulnerability assessment on agricultural water supply risk for adaptive management of climate change in South Korea
=300  \\$ap. 173-187.
=520  \\$aClimate change influences various environmental aspects, including those specifically related to agricultural water resources such as runoff, evapotranspiration, droughts and floods. Understanding the impact of climate change on reservoirs in relation to the passage of time is an important component of water resource management and the maintenance of a stable water supply. In different regions, changes in rainfall and hydrologic patterns due to climate change can increase the occurrences of reservoir water shortages and affect the future availability of agricultural water resources differently. It is a main concern for sustainable development in agricultural water resources management to evaluate the adaptive capability of a water supply under future climate conditions. Studies on climate change impacts and vulnerability assessments have been an essential process for preparing adaptive measures. This paper proposes a practical method to assess water supply vulnerability and sustainability in terms of climate change for the adaptive capability of agricultural reservoirs in South Korea based on a concept of probability theory and reliability analysis using time-dependent change analysis of water supply and demand. The objectives of this study were to investigate if there is evidence of climate change occurrences with respect to potential water supply capacity and irrigation water requirements; and to apply an irrigation vulnerability assessment model to assess the potential effects and predict the impacts of agricultural water demand and supply on reservoir operation to govern local water management decisions under climate variability and change. The irrigation vulnerability was estimated to evaluate the performance of water supplies in agricultural reservoirs; it is a recommended preparatory adaptive measure for developing a future water supply strategy in terms of using climate change scenarios reflecting different future conditions.
=592  \\$aPublisher supplied data
=593  \\$aPubAg article
=650  \3$aadaptive management
=650  \3$aclimate
=650  \3$aclimate change
=650  \3$adrought
=650  \3$aevapotranspiration
=650  \3$afloods
=650  \3$airrigation
=650  \3$airrigation water
=650  \3$amathematical theory
=650  \3$amodels
=650  \3$arain
=650  \3$arisk
=650  \3$arunoff
=650  \3$asupply balance
=650  \3$asustainable development
=650  \3$awater analysis
=650  \3$awater management
=650  \3$awater potential
=650  \3$awater reservoirs
=650  \3$awater shortages
=651  \3$aSouth Korea
=653  \0$aAdaptive management
=653  \0$aAgricultural reservoirs
=653  \0$aClimate change
=653  \0$aIrrigation vulnerability
=653  \0$aReliability analysis
=653  \0$aWater supply sustainability
=700  1\$aChoi, Jin-Yong$eauthor$uDepartment of Rural Systems Engineering and Research Institute for Agriculture & Life Sciences, Seoul National University, Seoul, Republic of Korea
=700  1\$aHong, Eun-Mi$eauthor$uUSDA-ARS Environmental Microbial & Food Safety Laboratory, Beltsville Agricultural Research Center, Beltsville, MD, USA
=773  0\$tAgricultural water management.$g2015 Apr., v. 152 p.173-187$dElsevier B.V.$wJournal:jnl8460$x0378-3774$7nnas
=787  1\$oislandora_article_repository
=787  1\$oproduct_pubag
=787  1\$o(Journal)jnl8460
=856  40$uhttps://dx.doi.org/10.1016/j.agwat.2015.01.012$3Available from publisher's site
=912  \\$aArticle
=914  \\$aJournal:jnl8460$b0378-3774$c152$e173
=914  \\$fAgricultural water management
=916  \\$aBatch:1446
=917  \\$aissued
=918  2\$aElsevier Consyn$eprovider$5DNAL
=935  \\$aIND605354490$9ExL
=949  \\$a2019-04-03
=953  \\$a/data/metadata/incoming/consyn-backfiles/46-2-00066-HEAD-ONLY.zip
=954  \\$afile:/data/metadata/staging/consyn-backfiles/S0378377415000219.xml
=955  \\$a/data/metadata/staging/consyn-backfiles/
=961  \\$aUSDA/ARS
=974  \\$aagid:5354490
=983  \\$a2019-04-03
=984  \\$a2019-04-03

