=LDR  04156nab a2200697 u 4500
=001  9915666479307426
=005  20221119182825.0
=008  201025e202010\\xx\|||||o|||||||||||eng||
=016  7\$aIND607013446$2DNAL
=024  7\$a10.1016/j.marenvres.2020.105074$2doi
=035  \\$aagid:7013446-01nal_inst
=040  \\$aAGL$beng$cAGL
=100  1\$aDes, M.$eauthor$uEnvironmental Physics Laboratory (EphysLab), CIM-UVIGO, Universidade de Vigo, Edificio Campus da Auga, 32004, Ourense, Spain
=245  14$aThe impact of climate change on the geographical distribution of habitat-forming macroalgae in the Rías Baixas
=500  \\$aNAL-AP-2-clean
=520  \\$aIn the current scenario of climate change characterized by a generalized warming, many species are facing local extinctions in areas with conditions near their thermal tolerance threshold. At present, the southern limit of the geographical distribution of several habitat-forming algae of cold-temperate affinities is located in the Northwest Iberian Peninsula, and the Rías Baixas may be acting as contemporary refugia at the range edge. Therefore, it is necessary to analyze future changes induced by ocean warming in this area that may induce changes in macroalgae populations. The Delft3D-Flow model forced with climatic data was used to calculate July-August sea surface temperature (SST) for the present (1999-2018) and for the far future (2080-2099). Mean daily SST was used to develop and calibrate a mechanistic geographical distribution model based on the thermal survival threshold of two intertidal habitat-forming macroalgae, namely Himanthalia elongata (L.) S.F.Gray and Bifurcaria bifurcata R. Ross. Results show that H. elongata will become extinct in the Rías Baixas by the end of the century, while B. bifurcata will persist and may occupy potential free space left by the decline in H. elongata.
=592  \\$aPublisher supplied data
=593  \\$aPubAg article
=650  \3$aBifurcaria bifurcata
=650  \3$aHimanthalia elongata
=650  \3$ageographical distribution
=650  \3$aheat tolerance
=650  \3$alittoral zone
=650  \3$amacroalgae
=650  \3$amodels
=650  \3$arefuge habitats
=650  \3$aresearch
=650  \3$asurface water temperature
=651  \3$aIberian Peninsula
=653  \0$aClimate change
=653  \0$aIntertidal organisms
=653  \0$aMechanistic species distribution model
=653  \0$aDelft3D
=653  \0$aCORDEX
=653  \0$aCMPI5
=653  \0$aRCP8.5
=700  1\$aMartínez, B.$eauthor$uDepartamento de Biología y Geología, Universidad Rey Juan Carlos, E-28933, Móstoles, Madrid, Spain
=700  1\$adeCastro, M.$eauthor$uEnvironmental Physics Laboratory (EphysLab), CIM-UVIGO, Universidade de Vigo, Edificio Campus da Auga, 32004, Ourense, Spain
=700  1\$aViejo, R.M.$eauthor$uDepartamento de Biología y Geología, Universidad Rey Juan Carlos, E-28933, Móstoles, Madrid, Spain
=700  1\$aSousa, M.C.$eauthor$uCESAM, Physics Department, University of Aveiro, Aveiro, 3810-193, Portugal
=700  1\$aGómez-Gesteira, M.$eauthor$uEnvironmental Physics Laboratory (EphysLab), CIM-UVIGO, Universidade de Vigo, Edificio Campus da Auga, 32004, Ourense, Spain
=773  0\$tMarine environmental research.$g2020 Oct., v. 161 p.105074-$dElsevier Ltd$wJournal:1982$x0141-1136$7nnas
=787  1\$oislandora_article_repository
=787  1\$oproduct_pubag
=787  1\$o(Journal)1982
=856  40$uhttps://dx.doi.org/10.1016/j.marenvres.2020.105074$3Available from publisher's site
=912  \\$aArticle
=914  \\$aJournal:1982$b0141-1136$e105074
=914  \\$fMarine environmental research
=916  \\$aBatch:10142
=917  \\$aissued
=918  2\$aElsevier Consyn$eprovider$5DNAL
=935  \\$aIND607013446$9ExL
=949  \\$a2021-06-17
=953  \\$a/data/metadata/incoming/consyn/159769367929244171-00002-HEAD-ONLY-NEW CONSYN ISSNS.ZIP
=954  \\$afile:/data/metadata/staging/consyn/S0141113620302737.xml
=955  \\$a/data/metadata/staging/consyn/
=961  \\$aUSDA/DA
=974  \\$aagid:7013446
=983  \\$a2020-10-25
=984  \\$a2021-06-17

