=LDR  04937nab a2200709 u 4500
=001  9915671819707426
=005  20221119164412.0
=008  190401e20171024xx\|||||o|||||||||||eng||
=016  7\$aIND605820387$2DNAL
=024  7\$a10.1016/j.ecolmodel.2017.08.003$2doi
=035  \\$aagid:5820387-01nal_inst
=040  \\$aAGL$beng$cAGL
=100  1\$aYun, Kyungdahm$eauthor$uSchool of Environmental and Forest Sciences, University of Washington, Seattle, WA 98195-4115, USA
=245  10$aCan a multi-model ensemble improve phenology predictions for climate change studies?
=300  \\$ap. 54-64.
=520  \\$aPredicting phenology, the timing of developmental events, is critical for understanding how plants respond to the changing climate. Many prediction models have been developed during the last decades, but their use has been limited because of incomplete understanding of internal processes and lack of observation datasets needed for calibration and validation. Dependency on species and locations further complicates the model selection procedure which is an essential part of phenology predictions. To overcome the limitations raised by using a single model, we propose a multi-model ensemble that simplifies model selection and provides competitive performance. We hypothesize that 1) no single individual model consistently outperforms the others and 2) an ensemble model performs equally as or better than any individual models. Nine individual models based on the concept of thermal-time accumulation and their ensembles were cross-validated with 137 datasets of four species collected from multiple locations and years in the United States and South Korea. Non-parametric tests concluded that the performance of a simple mean ensemble model was as good as the best individual model and outperformed the others. Differences between individual models were not statistically significant. The use of ensemble, however, does not preclude any bias in the interpretation caused by characteristics of the underlying models. When the ensemble was classified into groups: 1) with and 2) without chilling components, to assess spring phenology of flowering cherry species in the long-term projections, the predictions of two ensemble groups diverged considerably under RCP8.5 scenario. Our results suggest that a simple ensemble model can be a good phenology prediction tool for avoiding the pitfalls of model selection and reducing inherent uncertainties in climate change studies, but also highlight the importance of implementing the underlying mechanisms of key physiological processes into individual models used in an ensemble.
=592  \\$aPublisher supplied data
=593  \\$aPubAg article
=650  \3$acherries
=650  \3$aclimate change
=650  \3$acold treatment
=650  \3$adata collection
=650  \3$aflowering
=650  \3$amodels
=650  \3$aphenology
=650  \3$aprediction
=650  \3$aspring
=650  \3$auncertainty
=651  \3$aSouth Korea
=651  \3$aUnited States
=653  \0$aPhenology
=653  \0$aPrediction
=653  \0$aEnsemble
=653  \0$aClimate change
=653  \0$aChilling requirement
=653  \0$aFlowering
=700  1\$aHsiao, Jennifer$eauthor$uDepartment of Biology, University of Washington, Seattle, WA 98195-1800, USA
=700  1\$aJung, Myung-Pyo$eauthor$uNational Institute of Agricultural Sciences, Rural Development Administration, Wanju 55365, Republic of Korea
=700  1\$aChoi, In-Tae$eauthor$uNational Institute of Agricultural Sciences, Rural Development Administration, Wanju 55365, Republic of Korea
=700  1\$aGlenn, D. Michael$eauthor$uUSDA-ARS Appalachian Fruit Research Laboratory, Kearneysville, WV 25430, USA
=700  1\$aShim, Kyo-Moon$eauthor$uNational Institute of Agricultural Sciences, Rural Development Administration, Wanju 55365, Republic of Korea
=700  1\$aKim, Soo-Hyung$eauthor$uSchool of Environmental and Forest Sciences, University of Washington, Seattle, WA 98195-4115, USA
=773  0\$tEcological modelling.$g2017 Oct. 24, v. 362 p.54-64$dElsevier B.V.$aElsevier B.V.$wJournal:jnl6191$x0304-3800$7nnas
=787  1\$oislandora_article_repository
=787  1\$oproduct_pubag
=787  1\$o(Journal)jnl6191
=856  40$uhttps://dx.doi.org/10.1016/j.ecolmodel.2017.08.003$3Available from publisher's site
=912  \\$aArticle
=914  \\$aJournal:jnl6191$b0304-3800
=914  \\$fEcological modelling
=916  \\$aBatch:1888
=917  \\$aissued
=918  2\$aElsevier Consyn$eprovider$5DNAL
=935  \\$aIND605820387$9ExL
=949  \\$a2019-04-01
=953  \\$a/data/metadata/incoming/consyn-backfiles/46-2-00053-HEAD-ONLY.zip
=954  \\$afile:/data/metadata/staging/consyn-backfiles/S0304380017303563.xml
=955  \\$a/data/metadata/staging/consyn-backfiles/
=961  \\$aUSDA/ARS
=974  \\$aagid:5820387
=983  \\$a2019-04-01
=984  \\$a2019-04-01

