=LDR  03309nab a2200625 u 4500
=001  9915675737007426
=005  20221119190715.0
=008  050519e200503\\xx\|||||o|||||||||||eng||
=016  7\$aIND43703428$2DNAL
=024  7\$a10113/5489$2hdl
=035  \\$aagid:5489-01nal_inst
=040  \\$aAGL$beng$cAGL
=072  \0$aJ800
=072  \0$aB200
=100  1\$aZhang, G.H.
=245  10$aPotential effects of climate change on rainfall erosivity in the Yellow River basin of China
=300  \\$ap. 511-517.
=500  \\$aIncludes references
=500  \\$a2019-12-06
=520  \\$aSevere soil erosion in the Yellow River basin is a significant obstruction to the sustainable management of soil and water resources. Any changes in soil erosion will have great effects on long-term planning of soil and water conservation in such a severely eroded basin. Rainfall erosivity describes the soil loss potential caused by rain, which can be expected to change in correspondence to changes in climate. This study was conducted to assess the potential effects of climate change on rainfall erosivity in the Yellow River basin. Two different rainfall scenarios were generated with the HadCM3 general circulation model for the years 2006 to 2035, 2036 to 2065, and 2066 to 2095. The statistics test showed that rainfall erosivity increased significantly in the Yellow River basin under both scenarios for all periods in the coming decades. The erosivity increase varied from scenario to scenario, and from period to period. Generally, increases in erosivity were less from southeast to northwest. The calculated precipitation elasticity of rainfall erosivity indicated that percent changes in rainfall erosivity were greater than percent changes in total precipitation by a factor of 1.2 to 1.4. The expected increases in precipitation require that more attention will be given to soil and water conservation practices such as vegetation rehabilitation and check-dam construction.
=593  \\$aPubAg article
=593  \\$cUSDA submission
=650  \3$asediment yield
=650  \3$aGeneral Circulation Models
=650  \3$aclimate change
=650  \3$alosses from soil
=650  \3$arain
=650  \3$awater erosion
=651  \3$aChina
=653  \0$aprecipitation
=653  \0$aerosivity
=700  1\$aNearing, M.A.
=700  1\$aLiu, B.Y.
=773  0\$tTransactions of the ASAE.$g2005 , v.  48, no.  2 p.511-517$x0001-2351$7nnas
=787  1\$oproduct_pubag
=787  1\$oislandora_article_repository
=787  1\$oislandora_pubag_with_text
=787  1\$o(Journal)jnl44720
=852  \\$aDNAL
=856  40$uhttps://handle.nal.usda.gov/10113/5489$3Available in the National Agricultural Library PubAg search system
=912  \\$aArticle
=914  \\$aJournal:jnl44720$b0001-2351$c48$d2$e511
=914  \\$fTransactions of the ASAE
=917  \\$aissued
=930  \\$a20071113$b20071210$c00000000
=935  \\$aIND43703428$9ExL
=945  \\$aIND$dRHF$e2005/06/15
=946  \\$aOther US
=949  \\$a2014-07-17
=952  \\$a20071113 20071210 00000000$bIND RHF 2005/06/15
=961  \\$aUSDA/ARS
=974  \\$aagid:5489
=984  \\$a2007-12-10
=985  \\$aConverted from MARCXML to MODS version 3.4 using MARC21slim2MODS3-4.xsl (Revision 1.95 2014/04/23)
=986  \\$a3703428

