=LDR  03699nab a2200505 u 4500
=001  9915676383207426
=005  20221119192750.0
=008  150727e20150710xx\|||||o|||||||||||eng||
=016  7\$aIND603318671$2DNAL
=024  7\$a10.1126/science.aaa7031$2doi
=035  \\$aagid:3318671-01nal_inst
=040  \\$aAGL$beng$cAGL
=100  1\$aKerr, Jeremy T.$eauthor$uDepartment of Biology, University of Ottawa, Ottawa, ON, Canada, K1N6N5.
=245  10$aClimate change impacts on bumblebees converge across continents
=300  \\$ap. 177-180.
=520  \\$aFor many species, geographical ranges are expanding toward the poles in response to climate change, while remaining stable along range edges nearest the equator. Using long-term observations across Europe and North America over 110 years, we tested for climate change-related range shifts in bumblebee species across the full extents of their latitudinal and thermal limits and movements along elevation gradients. We found cross-continentally consistent trends in failures to track warming through time at species' northern range limits, range losses from southern range limits, and shifts to higher elevations among southern species. These effects are independent of changing land uses or pesticide applications and underscore the need to test for climate impacts at both leading and trailing latitudinal and thermal limits for species.
=592  \\$aPublisher supplied data
=700  1\$aPindar, Alana$eauthor$uDepartment of Biology, University of Ottawa, Ottawa, ON, Canada, K1N6N5.
=700  1\$aGalpern, Paul$eauthor$uFaculty of Environmental Design, University of Calgary, Calgary, Alberta, Canada.
=700  1\$aPacker, Laurence$eauthor$uDepartment of Biology, York University, Toronto, Ontario, Canada.
=700  1\$aPotts, Simon G.$eauthor$uSchool of Agriculture, Policy and Development, The University of Reading, Reading, UK.
=700  1\$aRoberts, Stuart M.$eauthor$uSchool of Agriculture, Policy and Development, The University of Reading, Reading, UK.
=700  1\$aRasmont, Pierre$eauthor$uDepartment of Zoology, Université de Mons, Mons, Belgium.
=700  1\$aSchweiger, Oliver$eauthor$uDepartment of Community Ecology, Helmholtz Centre for Environmental Research, Halle, Germany.
=700  1\$aColla, Sheila R.$eauthor$uWildlife Preservation Canada, Guelph, Ontario, Canada.
=700  1\$aRichardson, Leif L.$eauthor$uGund Institute, University of Vermont, Burlington, VT, USA.
=700  1\$aWagner, David L.$eauthor$uDepartment of Ecology and Evolutionary Biology, University of Connecticut, Storrs, CT, USA.
=700  1\$aGall, Lawrence F.$eauthor$uPeabody Museum of Natural History, Entomology Division, Yale University, New Haven, CT, USA.
=700  1\$aSikes, Derek S.$eauthor$uUniversity of Alaska Museum, University of Alaska Fairbanks, Fairbanks, AK, USA.
=700  1\$aPantoja, Alberto$eauthor$uUnited States Department of Agriculture, Agricultural Research Service, Subarctic Agricultural Research Unit, Fairbanks, AK, USA.
=773  0\$tScience.$g2015 July 10, v. 349, no. 6244 p.177-180$dAmerican Association for the Advancement of Science$wJournal:jnl44791$x0036-8075$7nnas
=787  1\$oislandora_article_repository
=787  1\$o(Journal)jnl44791
=856  40$uhttp://dx.doi.org/10.1126/science.aaa7031$3Available from publisher's site
=912  \\$aArticle
=914  \\$aJournal:jnl44791$b0036-8075$c349$d6244$e177
=914  \\$fScience
=917  \\$areview
=918  2\$aHighWire Press$eprovider$5DNAL
=935  \\$aIND603318671$9ExL
=953  \\$asci_349_6244_nlmxml.tar.gz
=961  \\$aUSDA/ARS
=974  \\$aagid:3318671
=983  \\$a2015-07-27
=984  \\$a2017-12-08

