=LDR  03756nab a2200625 u 4500
=001  9915676974807426
=005  20221119194147.0
=008  110121|xx\|||||||||||||||||eng||
=016  7\$aIND44475839$2DNAL
=024  7\$a10113/47398$2hdl
=035  \\$aagid:47398-01nal_inst
=040  \\$aAGL$beng$cAGL
=072  \0$aB200
=072  \0$aJ100
=072  \0$aF830
=072  \0$aJ500
=072  \0$aJ700
=100  1\$aMazzola, Mark
=245  10$aManagement of Resident Soil Microbial Community Structure and Function to Suppress Soilborne Disease Development
=500  \\$aIncludes references
=520  \\$aClimate change is likely to alter the distribution and severity of soilborne diseases affecting both intensive and low-input agricultural production systems. Naturally occurring disease suppressive soils have been documented in a variety of cropping systems, and in many instances the biological attributes contributing to suppressiveness have been identified. While these studies have often yielded an understanding of operative mechanisms leading to the suppressive state, significant difficulty has been realized in the transfer of this knowledge into the development of effective field-level disease control practices. Early efforts focused on the inundative application of individual or mixtures of microbial strains recovered from these systems, and known to function in specific soil suppressiveness. However, the introduction of biological agents into non-native soil ecosystems typically fails to yield commercially viable or consistent levels of disease control. Of late, greater emphasis has been placed on manipulation of the cropping system to manage resident beneficial rhizosphere microorganisms as a means to suppress soilborne plant pathogens. One such strategy is the cropping of specific plant species or genotypes, or the application of soil amendments with the goal of selectively enhancing disease suppressive microbial communities. This chapter will briefly review the existence of biologically functional disease suppressive soils, document the research history supporting the potential in managing microbial communities for disease control, describe methods available for the effective manipulation of bioactive populations, and describe specific examples demonstrating the effective application of the approach.
=593  \\$aPubAg article
=594  \\$aEmbargoed article
=650  \3$aclimate change
=650  \3$asoil-borne diseases
=650  \3$adisease control
=650  \3$asoil microorganisms
=650  \3$acommunity structure
=650  \3$asuppressive soils
=650  \3$abiological control
=650  \3$asoil management
=650  \3$agreen manures
=650  \3$acropping systems
=650  \3$aecological function
=653  \0$aliterature reviews
=773  0\$tClimate change and crop production / edited by Matthew P. Reynolds.$dCABI, 2010. CABI climate change series ; v. 1$7nnas
=787  1\$oproduct_pubag
=787  1\$oislandora_article_repository
=852  \\$aDNAL
=856  40$uhttps://handle.nal.usda.gov/10113/47398$3Available in the National Agricultural Library PubAg search system
=912  \\$aArticle
=914  \\$fClimate change and crop production / edited by Matthew P. Reynolds
=917  \\$aissued
=930  \\$a20110124$b20110205$c00000000
=935  \\$aIND44475839$9ExL
=945  \\$aIND$dGAY$e2011/01/24
=946  \\$aNon-US
=949  \\$a2014-07-17
=952  \\$a20110124 20110205 00000000$bIND GAY 2011/01/24
=961  \\$aUSDA/ARS
=974  \\$aagid:47398
=979  \\$aMissing Issue date
=984  \\$a2012-06-07
=985  \\$aConverted from MARCXML to MODS version 3.4 using MARC21slim2MODS3-4.xsl (Revision 1.95 2014/04/23)
=986  \\$a4475839

