=LDR  03928nab a2200649 u 4500
=001  9915676975707426
=005  20221119194106.0
=008  110121|xx\|||||||||||||||||eng||
=016  7\$aIND44475840$2DNAL
=024  7\$a10113/47399$2hdl
=035  \\$aagid:47399-01nal_inst
=040  \\$aAGL$beng$cAGL
=072  \0$aB200
=072  \0$aX620
=072  \0$aF120
=100  1\$aHodson, David
=245  10$aGIS and Crop Simulation Modelling Applications in Climate Change Research
=500  \\$aIncludes references
=520  \\$aThe challenges that climate change presents to humanity require an unprecedented ability to predict the responses of crops to environment and management. Geographic information systems (GIS) and crop simulation models are two powerful and highly complementary tools that are increasingly used for such predictive analyses. The role of both technologies in predicting future situations centres around extrapolation. For GIS, extrapolation from the past based on correlation in a very loose sense plays an important role. For crop models, extrapolation based on how known processes respond to factors of interest (i.e. simulation) is a key factor. GIS and crop models can be integrated, providing predictions that combine the spatial perspective of GIS with the stronger representation of temporal processes of simulation models. This chapter reviews the use of these two tools for predicting impacts of climate change and examining options for adaptation. Increasingly, downscaled outputs from a range of global general circulation models under differing future scenarios are used as key inputs for both tools. Examples are given for major food crops and key agricultural zones, with a bias towards tropical and subtropical regions. Consideration is also given to factors limiting efficient application of the tools to climate change research. Both technologies will see increasing use in climate change research and in applications of research in decision making. Credible studies of crop responses to climate involve dealing with large sets of data and potentially millions of simulations, especially if adaptation is considered. While the computational challenges are daunting, the greater challenge is how to devise efficient protocols for selecting the most meaningful scenarios, interpreting the results and summarizing outputs for decision makers.
=593  \\$aPubAg article
=594  \\$aEmbargoed article
=650  \3$aclimate change
=650  \3$ageographic information systems
=650  \3$acrop models
=650  \3$asimulation models
=650  \3$adecision support systems
=650  \3$aprediction
=650  \3$acase studies
=650  \3$acrop production
=650  \3$acarbon dioxide
=650  \3$aelevated atmospheric gases
=650  \3$aambient temperature
=650  \3$anitrogen fertilizers
=650  \3$awild relatives
=650  \3$agenetic variation
=650  \3$aabiotic stress
=700  1\$aWhite, Jeffrey
=773  0\$tClimate change and crop production / edited by Matthew P. Reynolds.$dCABI, 2010. CABI climate change series ; v. 1$7nnas
=787  1\$oproduct_pubag
=787  1\$oislandora_article_repository
=852  \\$aDNAL
=856  40$uhttps://handle.nal.usda.gov/10113/47399$3Available in the National Agricultural Library PubAg search system
=912  \\$aArticle
=914  \\$fClimate change and crop production / edited by Matthew P. Reynolds
=917  \\$aissued
=930  \\$a20110124$b20110205$c00000000
=935  \\$aIND44475840$9ExL
=945  \\$aIND$dGAY$e2011/01/24
=946  \\$aNon-US
=949  \\$a2014-07-17
=952  \\$a20110124 20110205 00000000$bIND GAY 2011/01/24
=961  \\$aUSDA/ARS
=974  \\$aagid:47399
=979  \\$aMissing Issue date
=984  \\$a2011-02-05
=985  \\$aConverted from MARCXML to MODS version 3.4 using MARC21slim2MODS3-4.xsl (Revision 1.95 2014/04/23)
=986  \\$a4475840

