=LDR  06269nab a2200889 u 4500
=001  9915677950507426
=005  20221214230911.0
=008  190403e20160131xx\|||||o|||||||||||eng||
=016  7\$aIND600062261$2DNAL
=024  7\$a316380$2aris
=024  7\$a10113/62261$2hdl
=024  7\$a10.1016/j.agwat.2015.10.011$2doi
=024  8\$ans9666
=035  \\$aagid:62261-01nal_inst
=040  \\$aAGL$beng$cAGL
=100  1\$aAdhikari, Pradip$eauthor$uTexas A&M AgriLife Research (Texas A&M University System), Vernon, TX 76385, United States
=245  10$aSimulating future climate change impacts on seed cotton yield in the Texas High Plains using the CSM-CROPGRO-Cotton model
=300  \\$ap. 317-330.
=506  \\$aWorks produced by employees of the U.S. Government as part of their official duties are not copyrighted within the U.S. The content of this document is not copyrighted.
=520  \\$aThe Texas High Plains (THP) region contributes to about 25% of the US cotton production. Dwindling groundwater resources in the underlying Ogallala aquifer, future climate variability and frequent occurrences of droughts are major concerns for cotton production in this region. Assessing the impacts of climate change on cotton production enables development and evaluation of irrigation strategies for efficient utilization of groundwater resources in this region. In this study, the CROPGRO-Cotton module within the Cropping System Model (CSM) that is distributed with the Decision Support System for Agrotechnology Transfer (DSSAT) was evaluated for the THP region using measured data from cotton water use efficiency experiments at Halfway over a period of four years (2010-2013). Simulated seed cotton yield matched closely with observed yield during model calibration (average percent error of 0.1) and validation (average percent error of 6.5). The evaluated model was able to accurately simulate seed cotton yield under various irrigation strategies over the four growing seasons. The evaluated CROPGRO-Cotton model was later used to simulate the seed cotton yield under historic (1971-2000) and future (2041-2070) climate scenarios projected by three climate models. On an average, when compared to historic seed cotton yield, simulated future seed cotton yield across the THP decreased within a range of 4-17% when carbon dioxide (CO2) concentration was assumed to be constant at the current level (380ppm) under three climatic model scenarios. In contrast, when the CO2 concentration was assumed to increase from 493ppm (in year 2041) to 635ppm (in year 2070) according to the Intergovernmental Panel on Climate Change (IPCC) A2 emission scenario, the simulated future average seed cotton yield in the THP region increased within a range of 14-29% as compared to historic average yield. When the irrigation amount was reduced by 40% (from 100% to 60%), the average (2041-2070) seed cotton yield decreased by 37% and 39% under the constant and increasing CO2 concentration scenarios, respectively. These results imply that cotton is sensitive to atmospheric CO2 concentrations, and cotton production in the THP could potentially withstand the effects of future climate variability under moderate increases in CO2 levels if irrigation water availability remains at current levels.
=592  \\$aPublisher supplied data
=593  \\$aPubAg article
=594  \\$aEmbargoed article
=595  \\$a803$bjgilbert$c2016-05-23$dfedoraAdmin$e2016-05-23
=593  \\$eARIS manuscript
=650  \3$aaquifers
=650  \3$acarbon dioxide
=650  \3$aclimate
=650  \3$aclimate change
=650  \3$aclimate models
=650  \3$acotton
=650  \3$acrop yield
=650  \3$acropping systems
=650  \3$adecision support systems
=650  \3$adrought
=650  \3$agroundwater
=650  \3$agrowing season
=650  \3$airrigation management
=650  \3$awater use efficiency
=651  \3$aTexas
=653  \0$aClimate models
=653  \0$aClimate change
=653  \0$aCrop model
=653  \0$aDSSAT
=653  \0$aIrrigation
=653  \0$aSeed cotton yield
=700  1\$aAle, Srinivasulu$eauthor$uTexas A&M AgriLife Research (Texas A&M University System), Vernon, TX 76385, United States
=700  1\$aBordovsky, James P.$eauthor$uTexas A&M AgriLife Research (Texas A&M University System), Halfway, TX 79072, United States
=700  1\$aThorp, Kelly R.$eauthor$uUSDA-ARS Arid -Land Agricultural Research Center, Maricopa, AZ 58138, United States
=700  1\$aModala, Naga R.$eauthor$uIntegraShare Solutioneering Inc., The Woodlands, TX 77380, United States$1https://orcid.org/0000-0003-0899-2561
=700  1\$aRajan, Nithya$eauthor$uDept of Soil and Crop Sciences, Texas A&M University, College Station, TX 76384, United States
=700  1\$aBarnes, Edward M.$eauthor$uAgricultural and Environmental Research, Cotton Incorporated, Cary, NC 27513, United States
=773  0\$tAgricultural water management.$g2016 Jan. 31, v. 164 p.317-330$dElsevier B.V.$aElsevier B.V.$wJournal:jnl8460$x0378-3774$7nnas
=787  1\$oislandora_article_repository
=787  1\$oproduct_pubag
=787  1\$o(Journal)jnl8460
=856  40$uhttps://dx.doi.org/10.1016/j.agwat.2015.10.011$3Available from publisher's site
=856  40$uhttps://handle.nal.usda.gov/10113/62261$3Available in the National Agricultural Library PubAg search system
=912  \\$aArticle
=914  \\$aJournal:jnl8460$c164$d2$e317
=914  \\$fAgricultural water management
=916  \\$aBatch:1333
=917  \\$aissued
=918  2\$aElsevier Consyn$eprovider$5DNAL
=935  \\$aIND600062261$9ExL
=949  \\$a2019-04-03
=953  \\$a/data/metadata/incoming/consyn-backfiles/46-2-00066-HEAD-ONLY.zip
=954  \\$afile:/data/metadata/staging/consyn-backfiles/S0378377415301323.xml
=955  \\$a/data/metadata/staging/consyn-backfiles/
=956  \\$aARIS submission$bhttps://submit.nal.usda.gov/system/files/submissions/Adhikari2015%20-%20CROPGRO-Cotton%20deficit%20irrigation%20Texas.pdf
=961  \\$aUSDA/ARS
=962  \\$aUSDA Scientist Submission
=962  \\$aBatch:1333 reviewed on 2016-06-22T14:00:02Z
=974  \\$aagid:62261
=983  \\$a2019-04-03
=984  \\$a2019-04-03
=986  \\$ans9666

