=LDR  05129nab a2200781 u 4500
=001  9915678923107426
=005  20221119160942.0
=008  190403e20170301xx\|||||o|||||||||||eng||
=016  7\$aIND605618744$2DNAL
=024  7\$a10.1016/j.foreco.2016.07.033$2doi
=035  \\$aagid:5618744-01nal_inst
=040  \\$aAGL$beng$cAGL
=100  1\$aOlson, Matthew G.$eauthor$uSchool of Forestry and Natural Resources, University of Arkansas-Monticello, PO Box 3468, Monticello, AR 71655, USA
=245  10$aDynamics of a temperate deciduous forest under landscape-scale management: Implications for adaptability to climate change
=300  \\$ap. 73-85.
=520  \\$aLandscape forest management is an approach to meeting diverse objectives that collectively span multiple spatial scales. It is critical that we understand the long-term effects of landscape management on the structure and composition of forest tree communities to ensure that these practices are sustainable. Furthermore, it is increasingly important to also consider effects of our management within the context of anticipated environmental changes, especially future climate. This study investigated two decades of tree community dynamics within a long-term, landscape-scale management experiment located in a temperate deciduous forest in southeastern Missouri, USA. This experiment tests three alternative landscape management systems: even-aged management (EAM), uneven-aged management (UAM), and no-harvest management (NHM). Specifically, we evaluated effects of landscape management alternatives on: (1) structural and compositional dynamics of the tree communities and (2) adaptability of the tree communities to projected climate change. Changes in the abundance of dominant species under these landscape management systems suggested a prevailing successional trend on these relatively xeric, oak-dominated landscapes. In the overstory layer, there was a decrease in the abundance of red oak species (Section Lobatae), mainly black oak (Quercus velutina Lam.) and scarlet oak (Quercus coccinea Muenchh.), and an increase in white oak (Quercus alba L.) suggesting a shift to white oak dominance is underway. In the midstory and understory layers, flowering dogwood (Cornus florida L.) abundance declined substantially, while maples (Acer spp. L.) and several minor species increased. Declines in shortleaf pine populations indicated that regeneration harvesting is not regenerating this species. Experiment-wide changes in tree community composition suggest that adaptability to projected future climate may have increased over the first two decades of the MOFEP experiment under all management systems and that diverse management objectives can be realized through active management, including adaptation to climate change. However, future research is needed to test this working hypothesis and to more fully evaluate the impacts of silviculture treatments within the context of projected climate.
=592  \\$aPublisher supplied data
=593  \\$aPubAg article
=650  \3$aAcer
=650  \3$aCornus florida subsp. florida
=650  \3$aPinus echinata
=650  \3$aQuercus alba
=650  \3$aQuercus coccinea
=650  \3$aQuercus velutina
=650  \3$aclimate
=650  \3$aclimate change
=650  \3$acommunity structure
=650  \3$adeciduous forests
=650  \3$aeven-aged management
=650  \3$aforest trees
=650  \3$aharvesting
=650  \3$alandscape management
=650  \3$alandscapes
=650  \3$along term effects
=650  \3$amanagement systems
=650  \3$aoverstory
=650  \3$asilviculture
=650  \3$aunderstory
=650  \3$auneven-aged management
=651  \3$aMissouri
=653  \0$aLandscape management
=653  \0$aSilviculture
=653  \0$aOak forests
=653  \0$aSuccession
=653  \0$aClimate change
=653  \0$aAdaptation
=700  1\$aKnapp, Benjamin O.$eauthor$uDepartment of Forestry, University of Missouri-Columbia, 203 ABNR Building, Columbia, MO 65211, USA
=700  1\$aKabrick, John M.$eauthor$uUSDA Forest Service, Northern Research Station, University of Missouri-Columbia, 202 ABNR Building, Columbia, MO 65211, USA
=773  0\$tForest ecology and management.$g2017 Mar. 01, v. 387 p.73-85$dElsevier B.V.$wJournal:jnl9013$x0378-1127$7nnas
=787  1\$oislandora_article_repository
=787  1\$oproduct_pubag
=787  1\$o(Journal)jnl9013
=856  40$uhttps://dx.doi.org/10.1016/j.foreco.2016.07.033$3Available from publisher's site
=912  \\$aArticle
=914  \\$aJournal:jnl9013$b0378-1127$c387$e73
=914  \\$fForest ecology and management
=916  \\$aBatch:1552
=917  \\$aissued
=918  2\$aElsevier Consyn$eprovider$5DNAL
=935  \\$aIND605618744$9ExL
=949  \\$a2019-04-03
=953  \\$a/data/metadata/incoming/consyn-backfiles/46-2-00065-HEAD-ONLY.zip
=954  \\$afile:/data/metadata/staging/consyn-backfiles/S0378112716303899.xml
=955  \\$a/data/metadata/staging/consyn-backfiles/
=961  \\$aUSDA/FS
=974  \\$aagid:5618744
=983  \\$a2019-04-03
=984  \\$a2019-04-03

