=LDR  04337nab a2200673 u 4500
=001  9915681105707426
=005  20221119172221.0
=008  150909e201510\\xx\|||||o|||||||||||eng||
=016  7\$aIND604085646$2DNAL
=024  7\$a10.1111/gcb.12958$2doi
=035  \\$aagid:4085646-01nal_inst
=040  \\$aAGL$beng$cAGL
=100  1\$aBansal, Sheel$eauthor$uUSDA‐Forest Service, Pacific Northwest Research Station, 3625 93rd Avenue SW, Olympia, WA, 98512, USA
=245  10$aImpact of climate change on cold hardiness of Douglas‐fir (Pseudotsuga menziesii): environmental and genetic considerations
=300  \\$ap. 3814-3826.
=520  \\$aThe success of conifers over much of the world's terrestrial surface is largely attributable to their tolerance to cold stress (i.e., cold hardiness). Due to an increase in climate variability, climate change may reduce conifer cold hardiness, which in turn could impact ecosystem functioning and productivity in conifer‐dominated forests. The expression of cold hardiness is a product of environmental cues (E), genetic differentiation (G), and their interaction (G × E), although few studies have considered all components together. To better understand and manage for the impacts of climate change on conifer cold hardiness, we conducted a common garden experiment replicated in three test environments (cool, moderate, and warm) using 35 populations of coast Douglas‐fir (Pseudotsuga menziesii var. menziesii) to test the hypotheses: (i) cool‐temperature cues in fall are necessary to trigger cold hardening, (ii) there is large genetic variation among populations in cold hardiness that can be predicted from seed‐source climate variables, (iii) observed differences among populations in cold hardiness in situ are dependent on effective environmental cues, and (iv) movement of seed sources from warmer to cooler climates will increase risk to cold injury. During fall 2012, we visually assessed cold damage of bud, needle, and stem tissues following artificial freeze tests. Cool‐temperature cues (e.g., degree hours below 2 °C) at the test sites were associated with cold hardening, which were minimal at the moderate test site owing to mild fall temperatures. Populations differed 3‐fold in cold hardiness, with winter minimum temperatures and fall frost dates as strong seed‐source climate predictors of cold hardiness, and with summer temperatures and aridity as secondary predictors. Seed‐source movement resulted in only modest increases in cold damage. Our findings indicate that increased fall temperatures delay cold hardening, warmer/drier summers confer a degree of cold hardiness, and seed‐source movement from warmer to cooler climates may be a viable option for adapting coniferous forest to future climate.
=592  \\$aPublisher supplied data
=593  \\$aPubAg article
=650  \3$aPseudotsuga menziesii var. menziesii
=650  \3$aclimate change
=650  \3$aclimatic factors
=650  \3$acoasts
=650  \3$acold
=650  \3$acold injury
=650  \3$acold tolerance
=650  \3$aconiferous forests
=650  \3$aconifers
=650  \3$adry environmental conditions
=650  \3$aenvironmental impact
=650  \3$afrost
=650  \3$agenetic variation
=650  \3$apopulation
=650  \3$arisk
=650  \3$asummer
=650  \3$atemperature
=650  \3$atesting
=650  \3$atissues
=700  1\$aSt. Clair, J. Bradley$eauthor
=700  1\$aHarrington, Constance A.$eauthor
=700  1\$aGould, Peter J.$eauthor
=773  0\$tGlobal change biology.$g2015 Oct., v. 21, no. 10 p.3814-3826$dBlackwell Science$x1354-1013$7nnas
=787  1\$oislandora_article_repository
=787  1\$oproduct_pubag
=787  1\$o(Journal)jnl57021
=856  40$uhttp://dx.doi.org/10.1111/gcb.12958$3Available from publisher's site
=912  \\$aArticle
=914  \\$aJournal:jnl57021$b1354-1013$c21$d10$e3814
=914  \\$fGlobal change biology
=916  \\$aBatch:1137
=917  \\$aissued
=918  2\$aJohn Wiley & Sons, Inc$eprovider$5DNAL
=935  \\$aIND604085646$9ExL
=949  \\$a2015-12-09
=953  \\$a13541013_2015_21_10.xml
=961  \\$aUSDA/FS
=962  \\$aBatch:1137 reviewed on 2015-12-09T12:00:03Z
=974  \\$aagid:4085646
=983  \\$a2015-09-09
=984  \\$a2015-12-09

