=LDR  04301nab a2200589 u 4500
=001  9915683123607426
=005  20221119183243.0
=008  190714e20170926xx\|||||o|||||||||||eng||
=016  7\$aIND606532596$2DNAL
=024  7\$a10.3390/w9100735$2doi
=035  \\$aagid:6532596-01nal_inst
=040  \\$aAGL$beng$cAGL
=100  1\$aNam, Won-Ho$eauthor
=245  10$aRegional Climate Change Impacts on Irrigation Vulnerable Season Shifts in Agricultural Water Availability for South Korea
=520  \\$aReservoirs are principal water resources that supply irrigation water to paddy fields and play an important role in water resources management in South Korea. For optimal irrigation reservoir operation and management, it is necessary to determine the duration of irrigation water shortages. Management of reservoir operation and irrigation scheduling should take into consideration essential variables that include the water supply in a reservoir and the water demand in the associated irrigation district. The agricultural water supply and demand show different patterns based on the variability and uncertainty of meteorological and hydrological phenomena. The duration of excessive water supply can be quantitatively determined through analysis of deviations and changes in the timing of agricultural water supply and demand. In this study, we introduce an approach to assess the vulnerable seasons of paddy irrigation to enable more effective operation and management of reservoirs. The vulnerable seasons were evaluated through comparison of the potential water supply capacity and irrigation water requirements based on water budget analysis via a time series change analysis. We have assessed the changing in the total duration and duration shifts of the vulnerable irrigation seasons for four agricultural reservoirs using past observed data (1981-2010) from meteorological stations maintained by the Korea Meteorological Administration (KMA) and projected climate change scenarios (2011-2100) as depicted by the Representative Concentration Pathways (RCPs) emission scenarios. For irrigation vulnerable seasons under both the RCP 4.5 and RCP 8.5 scenarios, the results showed periods of significant increases in which total vulnerable seasons compared to the historical period; the longest duration of vulnerability occurred during the 2071-2100 period under the RCP 8.5. Identification of the vulnerable seasons for paddy irrigation can be applied in agricultural water management to more effectively manage reservoir operation during irrigation periods with climate changes.
=592  \\$aPublisher supplied data
=593  \\$aPubAg article
=650  \3$aclimate change
=650  \3$airrigation scheduling
=650  \3$airrigation water
=650  \3$apaddies
=650  \3$asupply balance
=650  \3$atime series analysis
=650  \3$auncertainty
=650  \3$awater budget
=650  \3$awater requirement
=650  \3$awater shortages
=651  \3$aSouth Korea
=700  1\$aKim, Taegon$eauthor
=700  1\$aHong, Eun-Mi$eauthor$uUnited States Department of Agriculture (USDA)-Agricultural Research Service (ARS) Environmental Microbial & Food Safety Laboratory, Beltsville Agricultural Research Center, Beltsville, MD 20705, USA. silbern7@snu.ac.kr
=700  1\$aChoi, Jin-Yong$eauthor
=773  0\$tWater.$g2017 Sept. 26, v. 9, no. 10$dMultidisciplinary Digital Publishing Institute$wJournal:21688$x2073-4441$7nnas
=787  1\$oislandora_article_repository
=787  1\$oproduct_pubag
=787  1\$o(Journal)21688
=856  40$uhttp://dx.doi.org/10.3390/w9100735$3Available from publisher's site
=912  \\$aArticle
=914  \\$aJournal:21688$b2073-4441$c9$d10
=914  \\$fWater
=916  \\$aBatch:2330
=917  \\$aissued
=918  2\$aMultidisciplinary Digital Publishing Institute$eprovider$5DNAL
=935  \\$aIND606532596$9ExL
=949  \\$a2019-10-22
=953  \\$a/data/metadata/incoming/mdpinstitute/water-v09-i10-20171026.xml
=954  \\$afile:/data/metadata/staging/mdpinstitute/water-v09-i10-20171026.xml
=955  \\$a/data/metadata/staging/mdpinstitute/
=961  \\$aUSDA/ARS
=962  \\$aBatch:2330 reviewed on 2019-10-22T11:00:04Z
=974  \\$aagid:6532596
=983  \\$a2019-07-14
=984  \\$a2019-10-22

