=LDR  02635nab a2200589 u 4500
=001  9915683638707426
=005  20221119185022.0
=008  090701e200806\\xx\|||||o|||||||||||eng||
=016  7\$aIND44226011$2DNAL
=024  7\$a10.2111/1551-501X(2008)30[3:CCARRR]2.0.CO;2$2doi
=024  7\$a10113/31582$2hdl
=035  \\$aagid:31582-01nal_inst
=040  \\$aAGL$beng$cAGL
=072  \0$aF300
=072  \0$aB200
=072  \0$aF130
=100  1\$aBrown, Joel R.
=245  10$aClimate Change and Rangelands: Responding Rationally to Uncertainty
=300  \\$ap. 3-6.
=500  \\$aIncludes references
=520  \\$a Rangelands are important to human survival since they provide needed livestocks and a host of ecosystem services technology or other land types cannot provide. Perhaps the most important of these services is the rangeland's ability to sequester and store greenhouse gases. The Intergovernmental Panel on Climate Change (IPCC) has produced their projections of changes in climate. The IPCC has come up with various projections, such as greatest warming over land, and at high northern latitudes, as well as a likely increase in extra tropical storm tracks an cyclone intensity. Such projections are informative, but there is a need for more detailed projections which can be used to formulate regionally and locally appropriate responses.
=593  \\$aPubAg article
=593  \\$cUSDA submission
=650  \3$arangelands
=650  \3$arange management
=650  \3$aclimate change
=650  \3$adrought
=650  \3$ainternational cooperation
=700  1\$aThorpe, Jim
=773  0\$tRangelands.$g2008 June, v.  30, no.  3 p.3-6$x1551-501X$7nnas
=787  1\$oproduct_pubag
=787  1\$oislandora_article_repository
=787  1\$oislandora_pubag_with_text
=787  1\$o(Journal)3143
=852  \\$aDNAL
=856  40$uhttps://handle.nal.usda.gov/10113/31582$3Available in the National Agricultural Library PubAg search system
=856  40$uhttp://dx.doi.org/10.2111/1551-501X(2008)30[3:CCARRR]2.0.CO;2$3Available from publisher's Web site
=912  \\$aArticle
=914  \\$aJournal:3143$b1551-501X$c30$d3$e3
=914  \\$fRangelands
=917  \\$aissued
=930  \\$a20090716$b20090801$c00000000
=935  \\$aIND44226011$9ExL
=945  \\$aIND$dLYN$e2009/07/16
=946  \\$aOther US
=949  \\$a2014-07-17
=952  \\$a20090716 20090801 00000000$bIND LYN 2009/07/16
=961  \\$aUSDA/NRCS
=974  \\$aagid:31582
=984  \\$a2009-08-01
=985  \\$aConverted from MARCXML to MODS version 3.4 using MARC21slim2MODS3-4.xsl (Revision 1.95 2014/04/23)
=986  \\$a4226011

