=LDR  03368nab a2200817 u 4500
=001  9915683823207426
=005  20221119185517.0
=008  090701e200806\\xx\|||||o|||||||||||eng||
=016  7\$aIND44226014$2DNAL
=024  7\$a10.2111/1551-501X(2008)30[29:CCIONA]2.0.CO;2$2doi
=024  7\$a10113/31585$2hdl
=035  \\$aagid:31585-01nal_inst
=040  \\$aAGL$beng$cAGL
=072  \0$aF300
=072  \0$aF130
=072  \0$aP200
=072  \0$aF900
=072  \0$aP010
=072  \0$aB200
=100  1\$aChambers, Jeanne C.
=245  10$aClimate Change Impacts on Northwestern and Intermountain United States Rangelands
=300  \\$ap. 29-33.
=500  \\$aIncludes references
=500  \\$a2019-12-05
=520  \\$a The Pacific Northwest and Intermountain Region of the United States include the Great Basin, Columbia Plateau, Colorado Plateau, and surrounding areas. As for the region's rangelands, the lands are managed for such uses as nonextractive uses like terrestrial and aquatic habitat for wildlife and fisheries, as well as extractive uses like mineral, energy, timber and livestock production. Placed in terms of climate change, there will be changes in precipitation and temperature for the region, and this will rest upon the rate and magnitude of the increase in CO2 and other heat-trapping emissions. The effects will be different for each area of the region due to storm patterns and large differences in topography. This will then affect the region's species and ecosystems, mainly through changes in species distributions and reorganization of rangeland communities.
=593  \\$aPubAg article
=593  \\$cUSDA submission
=650  \3$arange management
=650  \3$awater supply
=650  \3$aevapotranspiration
=650  \3$astream flow
=650  \3$arangelands
=650  \3$aplant communities
=650  \3$awater management
=650  \3$abiodiversity
=650  \3$aclimate change
=650  \3$anoxious weeds
=650  \3$afire regime
=650  \3$ahabitat fragmentation
=650  \3$ainvasive species
=650  \3$atemperature
=650  \3$agroundwater
=650  \3$aclimatic factors
=650  \3$awater quantity
=651  \3$aNorthwestern United States
=651  \3$aIntermountain West region
=653  \0$aprecipitation
=700  1\$aPellant, Mike
=773  0\$tRangelands.$g2008 June, v.  30, no.  3 p.29-33$x1551-501X$7nnas
=787  1\$oproduct_pubag
=787  1\$oislandora_article_repository
=787  1\$oislandora_pubag_with_text
=787  1\$o(Journal)3143
=852  \\$aDNAL
=856  40$uhttps://handle.nal.usda.gov/10113/31585$3Available in the National Agricultural Library PubAg search system
=856  40$uhttp://dx.doi.org/10.2111/1551-501X(2008)30[29:CCIONA]2.0.CO;2$3Available from publisher's Web site
=912  \\$aArticle
=914  \\$aJournal:3143$b1551-501X$c30$d3$e29
=914  \\$fRangelands
=917  \\$aissued
=930  \\$a20090716$b20090801$c00000000
=935  \\$aIND44226014$9ExL
=945  \\$aIND$dLYN$e2009/07/16
=946  \\$aOther US
=949  \\$a2014-07-17
=952  \\$a20090716 20090801 00000000$bIND LYN 2009/07/16
=961  \\$aUSDA/FS
=974  \\$aagid:31585
=984  \\$a2009-08-01
=985  \\$aConverted from MARCXML to MODS version 3.4 using MARC21slim2MODS3-4.xsl (Revision 1.95 2014/04/23)
=986  \\$a4226014

