=LDR  04482nab a2200757 u 4500
=001  9915684720607426
=005  20221214225018.0
=008  140804s2014\\\\xx\|||||o|||||||||||eng||
=016  7\$aIND600059469$2DNAL
=024  7\$a299879$2aris
=024  7\$a10113/59469$2hdl
=024  7\$a10.1093/xb/eru009$2doi
=035  \\$aagid:59469-01nal_inst
=040  \\$aAGL$beng$cAGL
=100  1\$aPolley, H. Wayne$eauthor
=245  10$aImpacts of climate change drivers on C4 grassland productivity: Scaling driver effects through the plant community
=300  \\$ap. 3415-3424.
=506  \\$aWorks produced by employees of the U.S. Government as part of their official duties are not copyrighted within the U.S. The content of this document is not copyrighted.
=520  \\$aClimate change drivers affect plant community productivity via three pathways: (i) direct effects of drivers on plants; (ii) the response of species abundances to drivers (community response); and (iii) the feedback effect of community change on productivity (community effect). The contribution of each pathway to driver-productivity relationships depends on functional traits of dominant species. We used data from three experiments in Texas, USA, to assess the role of community dynamics in the aboveground net primary productivity (ANPP) response of C4 grasslands to two climate drivers applied singly: atmospheric CO2 enrichment and augmented summer precipitation. The ANPPdriver response differed among experiments because community responses and effects differed. ANPP increased by 80-120 g m-2 per 100 μl l-1 rise in CO2 in separate experiments with pasture and tallgrass prairie assemblages. Augmenting ambient precipitation by 128 mm during one summer month each year increased ANPP more in native than in exotic communities in a third experiment. The community effect accounted for 21-38% of the ANPP CO2 response in the prairie experiment but little of the response in the pasture experiment. The community response to CO2 was linked to species traits associated with greater soil water from reduced transpiration (e.g. greater height). Community effects on the ANPP CO2 response and the greater ANPP response of native than exotic communities to augmented precipitation depended on species differences in transpiration efficiency. These results indicate that feedbacks from community change influenced ANPP-driver responses. However, the species traits that regulated community effects on ANPP differed from the traits that determined how communities responded to drivers.
=593  \\$aPubAg article
=593  \\$cUSDA submission
=594  \\$aEmbargoed article
=593  \\$eARIS manuscript
=650  \3$aC4 plants
=650  \3$aatmospheric precipitation
=650  \3$acarbon dioxide
=650  \3$acarbon dioxide enrichment
=650  \3$aclimate change
=650  \3$aclimatic factors
=650  \3$agrasslands
=650  \3$aindigenous species
=650  \3$ainterspecific variation
=650  \3$aintroduced plants
=650  \3$apastures
=650  \3$aplant communities
=650  \3$aprimary productivity
=650  \3$asoil water
=650  \3$asummer
=650  \3$atranspiration
=651  \3$aTexas
=700  1\$aDerner, Justin D.$eauthor
=700  1\$aJackson, Robert B.$eauthor
=700  1\$aWilsey, Brian J.$eauthor
=700  1\$aFay, Philip A.$eauthor
=773  0\$tJournal of experimental botany.$g2014, v. 65, no. 13 p.3415-3424$x0022-0957; 1460-2431$7nnas
=787  1\$oislandora_article_repository
=787  1\$oproduct_pubag
=787  1\$o(Journal)jnl44658
=856  40$uhttps://handle.nal.usda.gov/10113/59469$3Available in the National Agricultural Library PubAg search system
=856  40$uhttp://dx.doi.org/10.1093/xb/eru009$3Available from publisher's site
=912  \\$aArticle
=914  \\$aJournal:jnl44658$c65$d13$e3415
=914  \\$fJournal of experimental botany
=916  \\$aBatch:1770
=917  \\$aissued
=935  \\$aIND600059469$9ExL
=949  \\$a2017-07-24
=956  \\$aARIS submission$bhttp://submit-u.nal.usda.gov/system/files/submissions/299879.pdf
=961  \\$aUSDA
=962  \\$aUSDA Scientist Submission
=962  \\$aBatch:1770 reviewed on 2017-07-24T04:00:03Z
=974  \\$aagid:59469
=983  \\$a2014-08-04
=984  \\$a2017-07-24
=985  \\$aUSDA submission converted from Drupal to MODS version 3.4 using submission2mods.xsl (Revision 1.002 2014/01/28)
=986  \\$ans5179

