=LDR  07408nab a2200985 u 4500
=001  9915686358107426
=005  20221214224058.0
=008  200207e202002\\xx\|||||o|||||||||||eng||
=016  7\$aIND606831641$2DNAL
=024  7\$a367200$2aris
=024  7\$a10113/6831641$2hdl
=024  7\$a10.1111/gcb.14847$2doi
=024  8\$ans18276
=035  \\$aagid:6831641-01nal_inst
=040  \\$aAGL$beng$cAGL
=100  1\$aLi, Linfeng$eauthor$uCollege of Life Sciences, University of Chinese Academy of Sciences, Beijing, China$1https://orcid.org/0000-0001-5831-8837
=245  10$aTerrestrial N2O emissions and related functional genes under climate change: A global meta‐analysis
=300  \\$ap. 931-943.
=500  \\$aJOURNAL ARTICLE
=506  \\$aWorks produced by employees of the U.S. Government as part of their official duties are not copyrighted within the U.S. The content of this document is not copyrighted.
=520  \\$aNitrous oxide (N₂O) emissions from soil contribute to global warming and are in turn substantially affected by climate change. However, climate change impacts on N₂O production across terrestrial ecosystems remain poorly understood. Here, we synthesized 46 published studies of N₂O fluxes and relevant soil functional genes (SFGs, that is, archaeal amoA, bacterial amoA, nosZ, narG, nirK and nirS) to assess their responses to increased temperature, increased or decreased precipitation amounts, and prolonged drought (no change in total precipitation but increase in precipitation intervals) in terrestrial ecosystem (i.e. grasslands, forests, shrublands, tundra and croplands). Across the data set, temperature increased N₂O emissions by 33%. However, the effects were highly variable across biomes, with strongest temperature responses in shrublands, variable responses in forests and negative responses in tundra. The warming methods employed also influenced the effects of temperature on N₂O emissions (most effectively induced by open‐top chambers). Whole‐day or whole‐year warming treatment significantly enhanced N₂O emissions, but daytime, nighttime or short‐season warming did not have significant effects. Regardless of biome, treatment method and season, increased precipitation promoted N₂O emission by an average of 55%, while decreased precipitation suppressed N₂O emission by 31%, predominantly driven by changes in soil moisture. The effect size of precipitation changes on nirS and nosZ showed a U‐shape relationship with soil moisture; further insight into biotic mechanisms underlying N₂O emission response to climate change remain limited by data availability, underlying a need for studies that report SFG. Our findings indicate that climate change substantially affects N₂O emission and highlights the urgent need to incorporate this strong feedback into most climate models for convincing projection of future climate change.
=592  \\$aPublisher supplied data
=593  \\$aPubAg article
=596  \\$aXDA19030202$cCAS Strategic Priority Research Programme (A)
=596  \\$aXDA20050103$cCAS Strategic Priority Research Programme (A)
=596  \\$a31761123001$cInternational Cooperation and Exchange of National Natural Science Foundation of China
=596  \\$a31761143018$cInternational Cooperation and Exchange of National Natural Science Foundation of China
=593  \\$eARIS manuscript
=650  \3$aArchaea
=650  \3$aatmospheric precipitation
=650  \3$aclimate models
=650  \3$adata collection
=650  \3$agenes
=650  \3$aglobal warming
=650  \3$agreenhouse gas emissions
=650  \3$alandforms
=650  \3$ameta-analysis
=650  \3$anitrous oxide
=650  \3$asoil enzymes
=650  \3$asoil water
=650  \3$asoil-atmosphere interactions
=650  \3$aterrestrial ecosystems
=650  \3$avegetation types
=700  1\$aZheng, Zhenzhen$eauthor$uCollege of Life Sciences, University of Chinese Academy of Sciences, Beijing, China
=700  1\$aWang, Weijin$eauthor$uEnvironmental Futures Research Institute, School of Environment and Science, Griffith University, Brisbane, Qld, Australia
=700  1\$aBiederman, Joel A.$eauthor$uSouthwest Watershed Research Center, Agricultural Research Service, Tucson, AZ, USA
=700  1\$aXu, Xingliang$eauthor$uKey Laboratory of Ecosystem Network Observation and Modeling, Institute of Geographic Sciences and Natural Resources Research, Chinese Academy of Sciences (CAS), Beijing, China$1https://orcid.org/0000-0003-2869-4932
=700  1\$aRan, Qinwei$eauthor$uCollege of Life Sciences, University of Chinese Academy of Sciences, Beijing, China
=700  1\$aQian, Ruyan$eauthor$uCollege of Life Sciences, University of Chinese Academy of Sciences, Beijing, China
=700  1\$aXu, Cong$eauthor$uCollege of Life Sciences, University of Chinese Academy of Sciences, Beijing, China
=700  1\$aZhang, Biao$eauthor$uCollege of Life Sciences, University of Chinese Academy of Sciences, Beijing, China
=700  1\$aWang, Fang$eauthor$uCollege of Life Sciences, University of Chinese Academy of Sciences, Beijing, China
=700  1\$aZhou, Shutong$eauthor$uCollege of Life Sciences, University of Chinese Academy of Sciences, Beijing, China
=700  1\$aCui, Lizhen$eauthor$uCollege of Life Sciences, University of Chinese Academy of Sciences, Beijing, China
=700  1\$aChe, Rongxiao$eauthor$uInstitute of International Rivers and Eco‐security, Yunnan University, Kunming, China
=700  1\$aHao, Yanbin$eauthor$uCollege of Life Sciences, University of Chinese Academy of Sciences, Beijing, China$1https://orcid.org/0000-0001-6821-0395
=700  1\$aCui, Xiaoyong$eauthor$uCollege of Life Sciences, University of Chinese Academy of Sciences, Beijing, China
=700  1\$aXu, Zhihong$eauthor$uEnvironmental Futures Research Institute, School of Environment and Science, Griffith University, Brisbane, Qld, Australia
=700  1\$aWang, Yanfen$eauthor$uCollege of Life Sciences, University of Chinese Academy of Sciences, Beijing, China
=773  0\$tGlobal change biology.$g2020 Feb., v. 26, no. 2 p.931-943$dJohn Wiley & Sons, Ltd$wJournal:jnl57021$x1354-1013$7nnas
=787  1\$oislandora_article_repository
=787  1\$oproduct_pubag
=787  1\$o(Journal)jnl57021
=856  40$uhttps://handle.nal.usda.gov/10113/6831641$3Available in the National Agricultural Library PubAg search system
=856  40$uhttps://dx.doi.org/10.1111/gcb.14847$3Available from publisher's site
=912  \\$aArticle
=914  \\$aJournal:jnl57021$b1354-1013$c26$d2$e931
=914  \\$fGlobal change biology
=916  \\$aBatch:2467
=917  \\$aissued
=918  2\$aJohn Wiley & Sons, Inc$eprovider$5DNAL
=935  \\$aIND606831641$9ExL
=949  \\$a2020-05-15
=953  \\$a/data/metadata/incoming/wiley/13541013_2020_26_2.xml
=954  \\$afile:/data/metadata/staging/wiley/13541013_2020_26_2.xml
=955  \\$a/data/metadata/staging/wiley/
=956  \\$aARIS submission$bhttps://submit.nal.usda.gov/system/files/submissions/2564_0.pdf
=956  \\$aARIS submission$bhttps://submit.nal.usda.gov/system/files/submissions/2564.pdf
=961  \\$aUSDA
=962  \\$aUSDA Scientist Submission
=962  \\$aBatch:2467 reviewed on 2020-05-15T16:00:02Z
=974  \\$aagid:6831641
=983  \\$a2020-02-07
=984  \\$a2020-05-15
=986  \\$ans18276

