=LDR  04797nab a2200865 u 4500
=001  9915688650107426
=005  20221119163605.0
=008  190318e201811\\xx\|||||o|||||||||||eng||
=016  7\$aIND606195897$2DNAL
=024  7\$a10.1016/j.compag.2018.08.026$2doi
=035  \\$aagid:6195897-01nal_inst
=040  \\$aAGL$beng$cAGL
=100  1\$aMutiibwa, Denis$eauthor$uASRC Federal, USDA-FAS, 4644 South Building, 1400 Independence Ave. SW, Washington, D.C. 20250, United States
=245  10$aRegional food production and land redistribution as adaptation to climate change in the U.S. Northeast Seaboard
=300  \\$ap. 54-70.
=520  \\$aPotential corn and winter-wheat grain, and potato crop yields in the United States Northeastern Seaboard Region (NESR) were simulated under current and future climate scenarios and two water management regimes to evaluate production shifts and land-based adaptation methods. Geospatial data consisting of historical climate, land use, soil, and crop management were coupled with a weather generator, three explanatory crop models, and spatially and temporally downscaled mid-century climate change scenarios to conduct the simulations at sub-county spatial resolution. Unadapted winter wheat yield increased 48% in response to mid-century projected climate changes, but corn grain declined 19% and potato 42% across the NESR, resulting in a net loss in caloric production. The contribution of the three crops to regional food production with respect to historical and mid-century climate conditions was evaluated on the basis of caloric content as a measure of yield capacity. The caloric content declined by 7 to 15% across the three commodities when averaged among all states in the region if no adaptation changes were implemented. Two land redistribution schemes were derived to compensate for this loss by re-allocating the existing land-base within each county to specific crops based on model predicted changes in productivity along with identifying additional increments of additional potential land. These approaches showed that less than 1.6% of the potentially available agricultural land base in the region would be needed to compensate for calorie losses due to climate change. These results qualify land redistribution as a pragmatic and direct adaptation strategy to the threat of climate change on regional food security.
=592  \\$aPublisher supplied data
=593  \\$aPubAg article
=650  \3$aagricultural land
=650  \3$aclimate
=650  \3$aclimate change
=650  \3$aclimate models
=650  \3$acorn
=650  \3$acrop management
=650  \3$acrop models
=650  \3$acrop yield
=650  \3$aenergy content
=650  \3$afood production
=650  \3$afood security
=650  \3$aland use
=650  \3$apotatoes
=650  \3$asoil
=650  \3$aspatial data
=650  \3$awater management
=650  \3$awinter wheat
=651  \3$aUnited States
=653  \0$aFood production
=653  \0$aLand redistribution
=653  \0$aClimate change
=653  \0$aCrop models
=653  \0$aGeospatial modeling
=653  \0$aCLU
=653  \0$aCR
=653  \0$aGCM
=653  \0$aNESR
=653  \0$aNL
=653  \0$aPLUCC
=653  \0$aPLUTOT
=653  \0$aRCP
=653  \0$aWL
=653  \0$aTmin
=700  1\$aFleisher, David H.$eauthor$uUSDA-ARS, Adaptive Cropping Systems Laboratory, USDA-ARS, Beltsvillle, MD, United States
=700  1\$aResop, Jonathan P.$eauthor$uUniversity of Maryland, Dept. of Geographical Sciences. 2181 Samuel J. LeFrak Hall, College Park, MD 20742, United States
=700  1\$aTimlin, Dennis$eauthor$uUSDA-ARS, Adaptive Cropping Systems Laboratory, USDA-ARS, Beltsvillle, MD, United States
=700  1\$aReddy, V.R.$eauthor$uUSDA-ARS, Adaptive Cropping Systems Laboratory, USDA-ARS, Beltsvillle, MD, United States
=773  0\$tComputers and electronics in agriculture.$g2018 Nov., v. 154 p.54-70$dElsevier B.V.$wJournal:jnl38096$x0168-1699$7nnas
=787  1\$oislandora_article_repository
=787  1\$oproduct_pubag
=787  1\$o(Journal)jnl38096
=856  40$uhttps://dx.doi.org/10.1016/j.compag.2018.08.026$3Available from publisher's site
=912  \\$aArticle
=914  \\$aJournal:jnl38096$b0168-1699$c154$e54
=914  \\$fComputers and electronics in agriculture
=916  \\$aBatch:2117
=917  \\$aissued
=918  2\$aElsevier Consyn$eprovider$5DNAL
=935  \\$aIND606195897$9ExL
=949  \\$a2019-03-18
=953  \\$a/data/metadata/incoming/consyn/46-2-00033-HEAD-ONLY.zip
=954  \\$afile:/data/metadata/staging/consyn/S0168169918307610.xml
=955  \\$a/data/metadata/staging/consyn/
=961  \\$aUSDA/ARSUSDA/FAS
=974  \\$aagid:6195897
=983  \\$a2019-03-18
=984  \\$a2019-03-18

