=LDR  05950nab a2201021 u 4500
=001  9915689063907426
=005  20221119215755.0
=008  180619e201801\\xx\|||||o|||||||||||eng||
=016  7\$aIND605899102$2DNAL
=024  7\$a10.1007/s10584-017-2023-z$2doi
=035  \\$aagid:5899102-01nal_inst
=040  \\$aAGL$beng$cAGL
=100  1\$aHristov, A.N.$eauthor$uThe Pennsylvania State University, University Park, PA, USA. anh13@psu.edu
=245  10$aClimate change effects on livestock in the Northeast US and strategies for adaptation
=300  \\$ap. 33-45.
=520  \\$aThe livestock industries are a major contributor to the economy of the northeastern United States. Climate models predict increased average maximum temperatures, days with temperatures exceeding 25 °C, and higher annual precipitation in the Northeast. These environmental changes combined with increased atmospheric CO₂ concentration are expected to either increase or decrease forage productivity depending on the crop, and may decrease protein content and forage digestibility. Winter damage to sensitive forage species may also increase. Predicted temperature increases are expected to reduce fertility in dairy cattle and heat stress-induced inflammation may limit energy available for productive functions. Additional loss in milk production due to decreased feed intake is estimated to be up to 1% of the projected annual milk production through 2100. The effects of climate change on the beef industry in the Northeast are expected to be minimal. Broiler production in the region may benefit from warmer winter and summer temperatures, but future housing will require greater insulation and ventilation fan capacity. Providing adequate housing and ventilation to offset climate changes will also be important for the layer industry and will likely increase the price of eggs. Climate change is expected to have an economic impact on the horse industry in the region through additional management of land and forage resources, building of shelters, and heat abatement at equine events. Increased temperatures and more intense storms will increase nutrient losses and gaseous emissions from animal manure. Uncertainties about how host animals, pathogens, and disease vectors will respond to climate change highlight the need for continued animal health monitoring.
=592  \\$aPublisher supplied data
=593  \\$aPubAg article
=650  \3$aanimal health
=650  \3$aanimal manures
=650  \3$aatmospheric precipitation
=650  \3$abeef industry
=650  \3$acarbon dioxide
=650  \3$aclimate change
=650  \3$aclimate models
=650  \3$adairy cattle
=650  \3$adigestibility
=650  \3$adisease vectors
=650  \3$aeconomic impact
=650  \3$aeggs
=650  \3$aenergy
=650  \3$afans (equipment)
=650  \3$afeed intake
=650  \3$aforage
=650  \3$agas emissions
=650  \3$aheat
=650  \3$ahorses
=650  \3$ainflammation
=650  \3$ainsulating materials
=650  \3$aland management
=650  \3$amilk production
=650  \3$amonitoring
=650  \3$apathogens
=650  \3$apoultry production
=650  \3$aprices
=650  \3$aprotein content
=650  \3$astorms
=650  \3$asummer
=650  \3$atemperature
=650  \3$auncertainty
=650  \3$awinter
=651  \3$aNortheastern United States
=700  1\$aDegaetano, A.T.$eauthor$uCornell University, Ithaca, NY, USA
=700  1\$aRotz, C.A.$eauthor$uPasture Systems and Watershed Management Research Unit, USDA-ARS, University Park, PA, USA
=700  1\$aHoberg, E.$eauthor$uUSDA, Agricultural Research Service, Animal Parasitic Diseases Laboratory, Northeastern Area, Beltsville Agricultural Research Center, Beltsville, MD, USA
=700  1\$aSkinner, R.H.$eauthor$uPasture Systems and Watershed Management Research Unit, USDA-ARS, University Park, PA, USA
=700  1\$aFelix, T.$eauthor$uThe Pennsylvania State University, University Park, PA, USA
=700  1\$aLi, H.$eauthor$uUniversity of Delaware, Newark, NJ, USA
=700  1\$aPatterson, P.H.$eauthor$uThe Pennsylvania State University, University Park, PA, USA
=700  1\$aRoth, G.$eauthor$uThe Pennsylvania State University, University Park, PA, USA
=700  1\$aHall, M.$eauthor$uThe Pennsylvania State University, University Park, PA, USA
=700  1\$aOtt, T.L.$eauthor$uThe Pennsylvania State University, University Park, PA, USA
=700  1\$aBaumgard, L.H.$eauthor$uIowa State University, Ames, IA, USA
=700  1\$aStaniar, W.$eauthor$uThe Pennsylvania State University, University Park, PA, USA
=700  1\$aHulet, R.M.$eauthor$uThe Pennsylvania State University, University Park, PA, USA
=700  1\$aDell, C.J.$eauthor$uPasture Systems and Watershed Management Research Unit, USDA-ARS, University Park, PA, USA
=700  1\$aBrito, A.F.$eauthor$uUniversity of New Hampshire, Durham, NC, USA
=700  1\$aHollinger, D.Y.$eauthor$uUSDA Forest Service, Northern Research Station, Durham, NC, USA
=773  0\$tClimatic change.$g2018 Jan., v. 146, no. 1-2 p.33-45$dSpringer Netherlands$wJournal:jnl8952$x0165-0009$7nnas
=787  1\$oislandora_article_repository
=787  1\$oproduct_pubag
=787  1\$o(Journal)jnl8952
=856  40$uhttps://dx.doi.org/10.1007/s10584-017-2023-z$3Available from publisher's site
=912  \\$aArticle
=914  \\$aJournal:jnl8952$b0165-0009$c146$d1-2$e33
=914  \\$fClimatic change
=916  \\$aBatch:1932
=917  \\$aissued
=918  2\$aSpringer$eprovider$5DNAL
=935  \\$aIND605899102$9ExL
=949  \\$a2018-06-19
=953  \\$a/data/metadata/incoming/springer/ftp_PUB_18-01-31_05-58-48.zip
=954  \\$afile:/data/metadata/staging/springer/10584-146-1-2.xml
=955  \\$a/data/metadata/staging/springer/
=961  \\$aUSDA/FSUSDA/ARS
=974  \\$aagid:5899102
=983  \\$a2018-06-19
=984  \\$a2018-06-19

