=LDR  05029nab a2200817 u 4500
=001  9915689081607426
=005  20221207091048.0
=008  180619e201801\\xx\|||||o|||||||||||eng||
=016  7\$aIND605899112$2DNAL
=024  7\$a10.1007/s10584-017-1950-z$2chorus
=024  7\$a10.1007/s10584-017-1950-z$2doi
=024  7\$a10.1007/s10584-017-1950-z$2chorusOpen
=035  \\$aagid:5899112-01nal_inst
=040  \\$aAGL$beng$cAGL
=100  1\$aStöckle, ClaudioO.$eauthor$uDepartment of Biological Systems Engineering, Washington State University, Pullman, WA, USA. stockle@wsu.edu
=245  10$aEvaluating opportunities for an increased role of winter crops as adaptation to climate change in dryland cropping systems of the U.S. Inland Pacific Northwest
=300  \\$ap. 247-261.
=506  \\$aResource is Open Access
=506  \\$aSpringer Science and Business Media LLC License Information
=520  \\$aThe long-term sustainability of wheat-based dryland cropping systems in the Inland Pacific Northwest (IPNW) of the United States depends on how these systems adapt to climate change. Climate models project warming with slight increases in winter precipitation but drier summers for the IPNW. These conditions combined with elevated atmospheric CO₂, which promote crop growth and improve transpiration-use efficiency, may be beneficial for cropping systems in the IPNW and may provide regional opportunities for agricultural diversification and intensification. Crop modeling simulation under future climatic conditions showed increased wheat productivity for the IPNW for most of the century. Water use by winter wheat was projected to decrease significantly in higher and intermediate precipitation zones and increase slightly in drier locations, but with winter crops utilizing significantly more water overall than spring crops. Crop diversification with inclusion of winter crops other than wheat is a possibility depending on agronomic and economic considerations, while substitution of winter for spring crops appeared feasible only in high precipitation areas. Increased weed pressure, higher pest populations, expanded ranges of biotic stressors, and agronomic, plant breeding, economic, technology, and other factors will influence what production systems eventually prevail under future climatic conditions in the region.
=592  \\$aPublisher supplied data
=593  \\$aPubAg article
=596  \\$cUSDA$dhttps://doi.org/10.13039/100000199
=506  0\$fUnrestricted online access$2star
=650  \3$aarid lands
=650  \3$acarbon dioxide enrichment
=650  \3$aclimate change
=650  \3$aclimate models
=650  \3$aclimatic factors
=650  \3$acrop models
=650  \3$acropping systems
=650  \3$acrops
=650  \3$aplant breeding
=650  \3$aproduction technology
=650  \3$aspring
=650  \3$asummer
=650  \3$awater utilization
=650  \3$aweeds
=650  \3$awinter
=650  \3$awinter wheat
=651  \3$aUnited States
=700  1\$aHiggins, Stewart$eauthor$uDepartment of Biological Systems Engineering, Washington State University, Pullman, WA, USA
=700  1\$aNelson, Roger$eauthor$uDepartment of Biological Systems Engineering, Washington State University, Pullman, WA, USA
=700  1\$aAbatzoglou, John$eauthor$uDepartment of Geography, University of Idaho, Moscow, ID, USA
=700  1\$aHuggins, Dave$eauthor$uNorthwest Sustainable Agroecosystems Research, USDA-ARS, Pullman, WA, USA
=700  1\$aPan, William$eauthor$uDepartment of Crop and Soil Sciences, Washington State University, Pullman, WA, USA
=700  1\$aKarimi, Tina$eauthor$uDepartment of Biological Systems Engineering, Washington State University, Pullman, WA, USA
=700  1\$aAntle, John$eauthor$uDepartment of Applied Economics, Oregon State University, Corvallis, OR, USA
=700  1\$aEigenbrode, Sanford D.$eauthor$uDepartment of Plant, Soil and Entomological Sciences, University of Idaho, Moscow, ID, USA
=700  1\$aBrooks, Erin$eauthor$uDepartment of Biological Engineering, University of Idaho, Moscow, ID, USA
=773  0\$tClimatic change.$g2018 Jan., v. 146, no. 1-2 p.247-261$dSpringer Netherlands$wJournal:jnl8952$x0165-0009$7nnas
=787  1\$oislandora_article_repository
=787  1\$oproduct_pubag
=787  1\$o(Journal)jnl8952
=856  40$uhttps://dx.doi.org/10.1007/s10584-017-1950-z$3Available from publisher's site
=903  \\$aVersion of Record
=912  \\$aArticle
=914  \\$aJournal:jnl8952$b0165-0009$c146$d1-2$e247
=914  \\$fClimatic change
=916  \\$aBatch:1932
=917  \\$aissued
=918  2\$aSpringer$eprovider$5DNAL
=935  \\$aIND605899112$9ExL
=949  \\$a2020-03-06
=953  \\$a/data/metadata/incoming/springer/ftp_PUB_18-01-31_05-58-48.zip
=954  \\$afile:/data/metadata/staging/springer/10584-146-1-2.xml
=955  \\$a/data/metadata/staging/springer/
=961  \\$aUSDA/ARS
=974  \\$aagid:5899112
=983  \\$a2018-06-19
=984  \\$a2020-03-06

