=LDR  03593nab a2200625 u 4500
=001  9915689091207426
=005  20221119220157.0
=008  180619e201801\\xx\|||||o|||||||||||eng||
=016  7\$aIND605899107$2DNAL
=024  7\$a10.1007/s10584-017-2070-5$2doi
=024  7\$a10.1007/s10584-017-2070-5$2chorus
=035  \\$aagid:5899107-01nal_inst
=040  \\$aAGL$beng$cAGL
=100  1\$aJoyce, LindaA.$eauthor$uUSDA FS Rocky Mountain Research Station, 240 West Prospect Road, Fort Collins, CO, 80526, USA. ljoyce@fs.fed.us
=245  10$aNative and agricultural forests at risk to a changing climate in the Northern Plains
=300  \\$ap. 59-74.
=520  \\$aNative and agricultural forests in the Northern Plains provide ecosystem services that benefit human society-diversified agricultural systems, forest-based products, and rural vitality. The impacts of recent trends in temperature and disturbances are impairing the delivery of these services. Climate change projections identify future stressors of greater impact, placing at risk crops, soils, livestock, biodiversity, and agricultural and forest-based livelihoods. While these native and agricultural forests are also a viable option for providing mitigation and adaptation services to the Northern Plains, they themselves must be managed in terms of climate change risks. Because agricultural forests are planted systems, the primary approaches for reducing risks are through design, plant selection and management. For native forests, management, natural disturbances, and collaboration of multiple ownerships will be needed to address key risks.
=592  \\$aPublisher supplied data
=593  \\$aPubAg article
=650  \3$abiodiversity
=650  \3$aclimate change
=650  \3$acrops
=650  \3$aecosystem services
=650  \3$aforests
=650  \3$ahumans
=650  \3$alivelihood
=650  \3$alivestock
=650  \3$arisk
=650  \3$asoil
=650  \3$atemperature
=700  1\$aBentrup, Gary$eauthor$uUSDA Forest Service, National Agroforestry Center, 1945 N. 38th Street, Lincoln, NE, 68583-0822, USA
=700  1\$aCheng, AntonyS.$eauthor$uDepartment of Forest and Rangeland Stewardship, Colorado Forest Restoration Institute, Colorado State University, 133 Forestry Bldg. Delivery 1472, Fort Collins, CO, 80523-1472, USA
=700  1\$aKolb, Peter$eauthor$uForest Ecology and Management, Montana State University, 32 Campus Drive, Missoula, MT, 59812, USA
=700  1\$aSchoeneberger, Michele$eauthor$uUSDA Forest Service, National Agroforestry Center, 1945 N. 38th Street, Lincoln, NE, 68583-0822, USA
=700  1\$aDerner, Justin$eauthor$uUSDA-ARS, 8408 Hildreth Road, Cheyenne, WY, 82009, USA
=773  0\$tClimatic change.$g2018 Jan., v. 146, no. 1-2 p.59-74$dSpringer Netherlands$wJournal:jnl8952$x0165-0009$7nnas
=787  1\$oislandora_article_repository
=787  1\$oproduct_pubag
=787  1\$o(Journal)jnl8952
=856  40$uhttps://dx.doi.org/10.1007/s10584-017-2070-5$3Available from publisher's site
=912  \\$aArticle
=914  \\$aJournal:jnl8952$b0165-0009$c146$d1-2$e59
=914  \\$fClimatic change
=916  \\$aBatch:1932
=917  \\$aissued
=918  2\$aSpringer$eprovider$5DNAL
=935  \\$aIND605899107$9ExL
=949  \\$a2020-03-06
=953  \\$a/data/metadata/incoming/springer/ftp_PUB_18-01-31_05-58-48.zip
=954  \\$afile:/data/metadata/staging/springer/10584-146-1-2.xml
=955  \\$a/data/metadata/staging/springer/
=961  \\$aUSDA/ARSUSDA/FS
=974  \\$aagid:5899107
=983  \\$a2018-06-19
=984  \\$a2020-03-06

