=LDR  05483nab a2200853 u 4500
=001  9915689093707426
=005  20221119220502.0
=008  180619e201801\\xx\|||||o|||||||||||eng||
=016  7\$aIND605899109$2DNAL
=024  7\$a10.1007/s10584-017-2109-7$2doi
=035  \\$aagid:5899109-01nal_inst
=040  \\$aAGL$beng$cAGL
=100  1\$aWolfe, DavidW.$eauthor$uSchool of Integrative Plant Science, Cornell University, 133 Plant Science Building, 236 Tower Road, Ithaca, NY, 14853, USA. dww5@cornell.edu$1http://orcid.org/0000-0002-3131-3830
=245  10$aUnique challenges and opportunities for northeastern US crop production in a changing climate
=300  \\$ap. 231-245.
=520  \\$aClimate change may both exacerbate the vulnerabilities and open up new opportunities for farming in the Northeastern USA. Among the opportunities are double-cropping and new crop options that may come with warmer temperatures and a longer frost-free period. However, prolonged periods of spring rains in recent years have delayed planting and offset the potentially beneficial longer frost-free period. Water management will be a serious challenge for Northeast farmers in the future, with projections for increased frequency of heavy rainfall events, as well as projections for more frequent summer water deficits than this historically humid region has experienced in the past. Adaptations to increase resilience to such changes include expanded irrigation capacity, modernized water monitoring and irrigation scheduling, farm drainage systems that collect excess rain into ponds for use as a water source during dry periods, and improved soil water holding capacity and drainage. Among the greatest vulnerabilities over the next several decades for the economically important perennial fruit crop industry of the region is an extended period of spring frost risk associated with warmer winter and early spring temperatures. Improved real-time frost warning systems, careful site selection for new plantings, and use of misting, wind machine, or other frost protection measures will be important adaptation strategies. Increased weed and pest pressure associated with longer growing seasons and warmer winters is another increasingly important challenge. Pro-active development of non-chemical control strategies, improved regional monitoring, and rapid-response plans for targeted control of invasive weeds and pests will be necessary.
=592  \\$aPublisher supplied data
=593  \\$aPubAg article
=650  \3$aclimate change
=650  \3$acrop production
=650  \3$adouble cropping
=650  \3$adrainage
=650  \3$adrainage systems
=650  \3$afarmers
=650  \3$afarms
=650  \3$afrost
=650  \3$afrost protection
=650  \3$agrowing season
=650  \3$ahumid zones
=650  \3$aindustry
=650  \3$ainvasive species
=650  \3$airrigation scheduling
=650  \3$amonitoring
=650  \3$aplanting
=650  \3$aponds
=650  \3$arain
=650  \3$arisk
=650  \3$asoil water
=650  \3$asoil water retention
=650  \3$aspring
=650  \3$asummer
=650  \3$atemperature
=650  \3$aweed control
=650  \3$aweeds
=650  \3$awinter
=651  \3$aNortheastern United States
=700  1\$aDeGaetano, ArthurT.$eauthor$uDepartment of Earth and Atmospheric Sciences, Bradfield Hall, Cornell University, Ithaca, NY, 14853, USA
=700  1\$aPeck, GregoryM.$eauthor$uSchool of Integrative Plant Science, Cornell University, 133 Plant Science Building, 236 Tower Road, Ithaca, NY, 14853, USA
=700  1\$aCarey, Mary$eauthor$uFarm Service Agency, United States Department of Agriculture, Washington D.C., USA
=700  1\$aZiska, LewisH.$eauthor$uAgriculture Research Service, Crop Systems and Global Change, United States Department of Agriculture, 10300 Baltimore Avenue, Beltsville, MD, 20705, USA
=700  1\$aLea-Cox, John$eauthor$uDepartment of Plant Science and Landscape Architecture, University of Maryland, 2120 Plant Science Building, 4291 Field House Drive, College Park, MD, 20742, USA
=700  1\$aKemanian, ArmenR.$eauthor$uDepartment of Plant Science, Pennsylvania State University, 116 Agriculture Sciences and Industry Building, University Park, PA, 16802, USA
=700  1\$aHoffmann, MichaelP.$eauthor$uCornell Institute for Climate Smart Solutions, Cornell University, 105A Rice Hall, Tower Road, Ithaca, NY, 14853, USA
=700  1\$aHollinger, DavidY.$eauthor$uUnited States Department of Agriculture Forest Service, 271 Mast Road, Durham, NH, 03824, USA
=773  0\$tClimatic change.$g2018 Jan., v. 146, no. 1-2 p.231-245$dSpringer Netherlands$wJournal:jnl8952$x0165-0009$7nnas
=787  1\$oislandora_article_repository
=787  1\$oproduct_pubag
=787  1\$o(Journal)jnl8952
=856  40$uhttps://dx.doi.org/10.1007/s10584-017-2109-7$3Available from publisher's site
=912  \\$aArticle
=914  \\$aJournal:jnl8952$b0165-0009$c146$d1-2$e231
=914  \\$fClimatic change
=916  \\$aBatch:1932
=917  \\$aissued
=918  2\$aSpringer$eprovider$5DNAL
=935  \\$aIND605899109$9ExL
=949  \\$a2018-06-19
=953  \\$a/data/metadata/incoming/springer/ftp_PUB_18-01-31_05-58-48.zip
=954  \\$afile:/data/metadata/staging/springer/10584-146-1-2.xml
=955  \\$a/data/metadata/staging/springer/
=961  \\$aUSDA/FSUSDA/ARSUSDA/FSA
=974  \\$aagid:5899109
=983  \\$a2018-06-19
=984  \\$a2018-06-19

