=LDR  06804nab a2200889 u 4500
=001  9915689100507426
=005  20221119220132.0
=008  180619e201801\\xx\|||||o|||||||||||eng||
=016  7\$aIND605899103$2DNAL
=024  7\$a10.1007/s10584-017-2029-6$2doi
=024  7\$a10.1007/s10584-017-2029-6$2chorus
=035  \\$aagid:5899103-01nal_inst
=040  \\$aAGL$beng$cAGL
=100  1\$aDerner, Justin$eauthor$uUSDA-ARS, 8408 Hildreth Road, Cheyenne, WY, 82009, USA. Justin.Derner@ars.usda.gov$1http://orcid.org/0000-0001-8076-0736
=245  10$aVulnerability of grazing and confined livestock in the Northern Great Plains to projected mid- and late-twenty-first century climate
=300  \\$ap. 19-32.
=520  \\$aThe Northern Great Plains (NGP) region of the USA-which comprises Montana, Wyoming, Colorado, North Dakota, South Dakota, and Nebraska-is a largely rural area that provides numerous ecosystem services, including livestock products, cultural services, and conservation of biological diversity. The region contains 25% of the Nation's beef cattle and approximately one-third of the confined beef cattle, as well as the largest remaining native prairie in the US-the Northern Mixedgrass Prairie. With rising atmospheric CO₂, the NGP is projected to experience warmer and longer growing seasons, greater climatic variability, and more extreme events (e.g., increased occurrence of large precipitation events). These climatic changes may affect livestock production both directly via physiological impacts on animals and indirectly via modifications to forage, invasion of undesirable plants, and increased exposure to parasites. This raises concerns about the vulnerability of grazing livestock operations and confined livestock operations to projected changes in mid- (2050) and late- (2085) twenty-first century climate. Our objectives are to (1) describe the NGP's exposure to temperature and precipitation trends, inter-annual variability, and extreme events; (2) evaluate the sensitivity of beef cattle production to direct and indirect effects imposed by these projected climatic changes; and (3) provide a typology of adaptation strategies to minimize adverse consequences of projected changes and maximize beneficial consequences. Agricultural managers have developed considerable adaptive capacity to contend with environmental and economic variability. However, projected climatic changes, especially the increased frequency and magnitude of weather extremes, will require even greater adaptive capacity to maintain viable production systems. Consequently, regional vulnerability to projected climatic changes will be determined not only by ecological responses but also by the adaptive capacity of individual managers. Adaptive capacity in the NGP will differ from other regions, in part because projections suggest some opportunities for increased livestock production. Adaptations in both grazing and confined beef cattle systems will require enhanced decision-making skills capable of integrating biophysical, social, and economic considerations. Social learning networks that support integration of experimental and experiential knowledge-such as lessons learned from early adopters and involvement with science-based organizations-can help enhance decision-making and climate adaptation planning. Many adaptations have already been implemented by a subset of producers in this region, providing opportunities for assessment, further development, and greater adoption. Context-specific decision-making can also be enhanced through science-management partnerships, which aim to build adaptive capacity that recognizes multiple production and conservation/environmental goals.
=592  \\$aPublisher supplied data
=593  \\$aPubAg article
=650  \3$aanimal products
=650  \3$abeef cattle
=650  \3$abiodiversity
=650  \3$acarbon dioxide
=650  \3$acattle production
=650  \3$aclimate
=650  \3$aclimate change
=650  \3$adecision making
=650  \3$aecosystem services
=650  \3$agrazing
=650  \3$agrowing season
=650  \3$alearning
=650  \3$amixed-grass prairies
=650  \3$aparasites
=650  \3$aplanning
=650  \3$aproduction technology
=650  \3$arural areas
=650  \3$atemperature
=650  \3$aweather
=651  \3$aColorado
=651  \3$aGreat Plains region
=651  \3$aMontana
=651  \3$aNorth Dakota
=651  \3$aSouth Dakota
=651  \3$aWyoming
=700  1\$aBriske, David$eauthor$uTexas A&M University, Centeq Bldg, Rm 130C, MS2120 TAMU, College Station, TX, 77843, USA
=700  1\$aReeves, Matt$eauthor$uUSDA-FS, 800 E. Beckwith, Missoula, MT, 59801, USA
=700  1\$aBrown-Brandl, Tami$eauthor$uUSDA-ARS, State Spur 18D, Clay Center, NE, 68933, USA
=700  1\$aMeehan, Miranda$eauthor$uNorth Dakota State University, 1300 Albrecht Blvd, Hultz Hall, Fargo, ND, USA
=700  1\$aBlumenthal, Dana$eauthor$uUSDA-ARS, 1701 Centre Ave, Fort Collins, CO, 80526, USA
=700  1\$aTravis, William$eauthor$uWestern Water Association, University of Colorado Boulder, 216 UCB, Boulder, CO, 80309, USA
=700  1\$aAugustine, David$eauthor$uUSDA-ARS, 1701 Centre Ave, Fort Collins, CO, 80526, USA
=700  1\$aWilmer, Hailey$eauthor$uUSDA-ARS, 1701 Centre Ave, Fort Collins, CO, 80526, USA
=700  1\$aScasta, Derek$eauthor$uUniversity of Wyoming, Agriculture Bldg 2004, 1000 E. University Ave, Laramie, WY, 82071, USA
=700  1\$aHendrickson, John$eauthor$uUSDA-ARS, P.O. Box 459, Mandan, ND, 58554, USA
=700  1\$aVolesky, Jerry$eauthor$uUniversity of Nebraska-Lincoln, WCREC, 402 W. State Farm Road, North Platte, NE, 69101, USA
=700  1\$aEdwards, Laura$eauthor$uSouth Dakota State University, Brookings, SD, 57007, USA
=700  1\$aPeck, Dannele$eauthor$uUSDA-ARS, 1701 Centre Ave, Fort Collins, CO, 80526, USA
=773  0\$tClimatic change.$g2018 Jan., v. 146, no. 1-2 p.19-32$dSpringer Netherlands$wJournal:jnl8952$x0165-0009$7nnas
=787  1\$oislandora_article_repository
=787  1\$oproduct_pubag
=787  1\$o(Journal)jnl8952
=856  40$uhttps://dx.doi.org/10.1007/s10584-017-2029-6$3Available from publisher's site
=912  \\$aArticle
=914  \\$aJournal:jnl8952$b0165-0009$c146$d1-2$e19
=914  \\$fClimatic change
=916  \\$aBatch:1932
=917  \\$aissued
=918  2\$aSpringer$eprovider$5DNAL
=935  \\$aIND605899103$9ExL
=949  \\$a2020-03-06
=953  \\$a/data/metadata/incoming/springer/ftp_PUB_18-01-31_05-58-48.zip
=954  \\$afile:/data/metadata/staging/springer/10584-146-1-2.xml
=955  \\$a/data/metadata/staging/springer/
=961  \\$aUSDA/FSUSDA/ARS
=974  \\$aagid:5899103
=983  \\$a2018-06-19
=984  \\$a2020-03-06

