=LDR  04583nab a2200697 u 4500
=001  9915689104707426
=005  20221119220323.0
=008  180619e201801\\xx\|||||o|||||||||||eng||
=016  7\$aIND605899104$2DNAL
=024  7\$a10.1007/s10584-017-2045-6$2doi
=035  \\$aagid:5899104-01nal_inst
=040  \\$aAGL$beng$cAGL
=100  1\$aVan Beusekom, Ashley E.$eauthor$uUSDA Forest Service, International Institute of Tropical Forestry, Río Piedras, Puerto Rico. ashleyvanbeusekom@fs.fed.us
=245  10$aFire weather and likelihood: characterizing climate space for fire occurrence and extent in Puerto Rico
=300  \\$ap. 117-131.
=520  \\$aAssessing the relationships between weather patterns and the likelihood of fire occurrence in the Caribbean has not been as central to climate change research as in temperate regions, due in part to the smaller extent of individual fires. However, the cumulative effect of small frequent fires can shape large landscapes, and fire-prone ecosystems are abundant in the tropics. Climate change has the potential to greatly expand fire-prone areas to moist and wet tropical forests and grasslands that have been traditionally less fire-prone, and to extend and create more temporal variability in fire seasons. We built a machine learning random forest classifier to analyze the relationship between climatic, socio-economic, and fire history data with fire occurrence and extent for the years 2003-2011 in Puerto Rico, nearly 35,000 fires. Using classifiers based on climate measurements alone, we found that the climate space is a reliable associate, if not a predictor, of fire occurrence and extent in this environment. We found a strong relationship between occurrence and a change from average weather conditions, and between extent and severity of weather conditions. The probability that the random forest classifiers will rank a positive example higher than a negative example is 0.8-0.89 in the classifiers for deciding if a fire occurs, and 0.64-0.69 in the classifiers for deciding if the fire is greater than 5 ha. Future climate projections of extreme seasons indicate increased potential for fire occurrence with larger extents.
=592  \\$aPublisher supplied data
=593  \\$aPubAg article
=650  \3$aartificial intelligence
=650  \3$aclimate change
=650  \3$aecosystems
=650  \3$afire history
=650  \3$afire weather
=650  \3$afires
=650  \3$agrasslands
=650  \3$alandscapes
=650  \3$aprobability
=650  \3$asocioeconomics
=650  \3$atemperate zones
=650  \3$atemporal variation
=650  \3$atropical forests
=650  \3$atropics
=651  \3$aCaribbean
=651  \3$aPuerto Rico
=700  1\$aGould, WilliamA.$eauthor$uUSDA Forest Service, International Institute of Tropical Forestry, Río Piedras, Puerto Rico
=700  1\$aMonmany, A.Carolina$eauthor$uInstituto de Ecología Regional, CONICET-Universidad Nacional de Tucumán, Tucumán, Argentina
=700  1\$aKhalyani, AzadHenareh$eauthor$uDepartment of Ecosystem Science and Sustainability, Colorado State University, Fort Collins, CO, USA
=700  1\$aQuiñones, Maya$eauthor$uUSDA Forest Service, International Institute of Tropical Forestry, Río Piedras, Puerto Rico
=700  1\$aFain, StephenJ.$eauthor$uUSDA Forest Service, International Institute of Tropical Forestry, Río Piedras, Puerto Rico
=700  1\$aAndrade-Núñez, MariaJosé$eauthor$uDepartment of Environmental Science, University of Puerto Rico, Río Piedras, Puerto Rico
=700  1\$aGonzález, Grizelle$eauthor$uUSDA Forest Service, International Institute of Tropical Forestry, Río Piedras, Puerto Rico
=773  0\$tClimatic change.$g2018 Jan., v. 146, no. 1-2 p.117-131$dSpringer Netherlands$wJournal:jnl8952$x0165-0009$7nnas
=787  1\$oislandora_article_repository
=787  1\$oproduct_pubag
=787  1\$o(Journal)jnl8952
=856  40$uhttps://dx.doi.org/10.1007/s10584-017-2045-6$3Available from publisher's site
=912  \\$aArticle
=914  \\$aJournal:jnl8952$b0165-0009$c146$d1-2$e117
=914  \\$fClimatic change
=916  \\$aBatch:1932
=917  \\$aissued
=918  2\$aSpringer$eprovider$5DNAL
=935  \\$aIND605899104$9ExL
=949  \\$a2018-06-19
=953  \\$a/data/metadata/incoming/springer/ftp_PUB_18-01-31_05-58-48.zip
=954  \\$afile:/data/metadata/staging/springer/10584-146-1-2.xml
=955  \\$a/data/metadata/staging/springer/
=961  \\$aUSDA/FS
=974  \\$aagid:5899104
=983  \\$a2018-06-19
=984  \\$a2018-06-19

