=LDR  04473nab a2200697 u 4500
=001  9915689109907426
=005  20221119220225.0
=008  180619e201801\\xx\|||||o|||||||||||eng||
=016  7\$aIND605899113$2DNAL
=024  7\$a10.1007/s10584-017-1965-5$2doi
=035  \\$aagid:5899113-01nal_inst
=040  \\$aAGL$beng$cAGL
=100  1\$aSteiner, JeanL.$eauthor$uUS Department of Agriculture, Agricultural Research Service, Grazinglands Research Laboratory, 7207 W. Cheyenne Street, El Reno, OK, 73036, USA. jean.steiner@ars.usda.gov
=245  10$aVulnerability of Southern Plains agriculture to climate change
=300  \\$ap. 201-218.
=520  \\$aProjections of greater interannual and intrannual climate variability, including increasing temperatures, longer and more intense drought periods, and more extreme precipitation events, present growing challenges for agricultural production in the Southern Plains of the USA. We assess agricultural vulnerabilities within this region to support identification and development of adaptation strategies at regional to local scales, where many management decisions are made. Exposure to the synergistic effects of warming, such as fewer and more intense precipitation events and greater overall weather variability, will uniquely affect rain-fed and irrigated cropping, high-value specialty crops, extensive and intensive livestock production, and forestry. Although the sensitivities of various agricultural sectors to climatic stressors can be difficult to identify at regional scales, we summarize that crops irrigated from the Ogallala aquifer possess a high sensitivity; rangeland beef cattle production a low sensitivity; and rain-fed crops, forestry, and specialty crops intermediate sensitivities. Numerous adaptation strategies have been identified, including drought contingency planning, increased soil health, improved forecasts and associated decision support tools, and implementation of policies and financial instruments for risk management. However, the extent to which these strategies are adopted is variable and influenced by both biophysical and socioeconomic considerations. Inadequate local- and regional-scale climate risk and resilience information suggests that climate vulnerability research and climate adaptation approaches need to include bottom-up approaches such as learning networks and peer-to-peer communication.
=592  \\$aPublisher supplied data
=593  \\$aPubAg article
=650  \3$aaquifers
=650  \3$abeef cattle
=650  \3$acattle production
=650  \3$aclimate
=650  \3$aclimate change
=650  \3$adecision support systems
=650  \3$adrought
=650  \3$aforestry
=650  \3$airrigated farming
=650  \3$aissues and policy
=650  \3$alearning
=650  \3$aplanning
=650  \3$arangelands
=650  \3$arisk
=650  \3$arisk management
=650  \3$asoil quality
=650  \3$aspecialty crops
=650  \3$asynergism
=650  \3$atemperature
=651  \3$aUnited States
=700  1\$aBriske, DavidD.$eauthor$uDepartment of Ecosystem Science and Management, Texas A&M University, Centeq Building, Room 130C, MS 2120 TAMU, College Station, TX, 77843, USA
=700  1\$aBrown, DavidP.$eauthor$uUS Department of Agriculture, Agricultural Research Service, Grazinglands Research Laboratory, 7207 W. Cheyenne Street, El Reno, OK, 73036, USA
=700  1\$aRottler, CaitlinM.$eauthor$uUS Department of Agriculture, Agricultural Research Service, Grazinglands Research Laboratory, 7207 W. Cheyenne Street, El Reno, OK, 73036, USA
=773  0\$tClimatic change.$g2018 Jan., v. 146, no. 1-2 p.201-218$dSpringer Netherlands$wJournal:jnl8952$x0165-0009$7nnas
=787  1\$oislandora_article_repository
=787  1\$oproduct_pubag
=787  1\$o(Journal)jnl8952
=856  40$uhttps://dx.doi.org/10.1007/s10584-017-1965-5$3Available from publisher's site
=912  \\$aArticle
=914  \\$aJournal:jnl8952$b0165-0009$c146$d1-2$e201
=914  \\$fClimatic change
=916  \\$aBatch:1932
=917  \\$aissued
=918  2\$aSpringer$eprovider$5DNAL
=935  \\$aIND605899113$9ExL
=949  \\$a2018-06-19
=953  \\$a/data/metadata/incoming/springer/ftp_PUB_18-01-31_05-58-48.zip
=954  \\$afile:/data/metadata/staging/springer/10584-146-1-2.xml
=955  \\$a/data/metadata/staging/springer/
=961  \\$aUSDA/ARS
=974  \\$aagid:5899113
=983  \\$a2018-06-19
=984  \\$a2018-06-19

