=LDR  03791nab a2200697 u 4500
=001  9915689983207426
=005  20221207094721.0
=008  190318e20160901xx\|||||o|||||||||||eng||
=016  7\$aIND605324519$2DNAL
=024  7\$a10.1016/j.agee.2016.07.014$2chorus
=024  7\$a10.1016/j.agee.2016.07.014$2doi
=024  7\$a10.1016/j.agee.2016.07.014$2chorusOpen
=035  \\$aagid:5324519-01nal_inst
=040  \\$aAGL$beng$cAGL
=100  1\$aZiska, Lewis H.$eauthor$uUSDA-ARS, Crop Systems and Global Change, 10300 Baltimore Avenue, Beltsville, MD 20705, United States
=245  14$aThe role of climate change and increasing atmospheric carbon dioxide on weed management: Herbicide efficacy
=300  \\$ap. 304-309.
=506  \\$aResource is Open Access
=506  \\$aElsevier BV License Information
=506  \\$aResource is Open Access$uhttp://purl.org/eprint/accessRights/OpenAccess
=506  \\$aCHORUS License Information
=520  \\$aRising concentrations of carbon dioxide [CO2] and a changing climate will almost certainly affect weed biology and demographics with consequences for crop productivity. The extent of such consequences could be minimal if weed management, particularly the widespread and effective use of herbicides, minimizes any future risk; but, such an outcome assumes that [CO2] or climate change will not affect herbicide efficacy per se. Is this a fair assumption? While additional data are greatly desired, there is sufficient information currently available to begin an initial assessment of both the physical and biological constraints likely to occur before, during and following herbicide application. The assessment provided here, while preliminary, reviews a number of physical and biological interactions that are likely, overall, to significantly reduce herbicide efficacy. These interactions can range from climatic extremes that influence spray coverage and field access to direct effects of [CO2] or temperature on plant biochemistry and morphology. Identification of these mechanisms will be essential to both understand and strengthen weed management strategies associated with rising levels of [CO2] in the context of an uncertain and rapidly changing climate.
=592  \\$aPublisher supplied data
=593  \\$aPubAg article
=596  \\$cNational Institute of Food and Agriculture$dhttps://doi.org/10.13039/100005825
=506  0\$fUnrestricted online access$2star
=650  \3$acarbon dioxide
=650  \3$aclimate change
=650  \3$ademographic statistics
=650  \3$aherbicides
=650  \3$apesticide application
=650  \3$aplant biochemistry
=650  \3$arisk
=650  \3$aspray coverage
=650  \3$atemperature
=650  \3$aweed biology
=650  \3$aweed control
=653  \0$aClimate change
=653  \0$aCO2
=653  \0$aHerbicide management
=773  0\$tAgriculture, ecosystems & environment.$g2016 Sept. 01, v. 231 p.304-309$dElsevier B.V.$wJournal:jnl34709$x0167-8809$7nnas
=787  1\$oislandora_article_repository
=787  1\$oproduct_pubag
=787  1\$o(Journal)jnl34709
=856  40$uhttps://dx.doi.org/10.1016/j.agee.2016.07.014$3Available from publisher's site
=903  \\$aAccepted Manuscript
=912  \\$aArticle
=914  \\$aJournal:jnl34709$b0167-8809
=914  \\$fAgriculture, ecosystems & environment
=916  \\$aBatch:1424
=917  \\$aissued
=918  2\$aElsevier Consyn$eprovider$5DNAL
=935  \\$aIND605324519$9ExL
=949  \\$a2020-03-06
=953  \\$a/data/metadata/incoming/consyn/46-2-00031-HEAD-ONLY.zip
=954  \\$afile:/data/metadata/staging/consyn/S0167880916303826.xml
=955  \\$a/data/metadata/staging/consyn/
=961  \\$aUSDA/ARS
=974  \\$aagid:5324519
=983  \\$a2019-03-18
=984  \\$a2022-09-02

