=LDR  01945nab a2200409 u 4500
=001  9915691176507426
=005  20221119230951.0
=008  220930e202209\\xx\|||||o|||||||||||eng||
=016  7\$aIND607950773$2DNAL
=024  7\$a10.1007/s10584-022-03441-9$2doi
=035  \\$aagid:7950773-01nal_inst
=040  \\$aAGL$beng$cAGL
=100  1\$aSloggy, Matthew R.$eauthor$uUSDA Forest Service, Pacific Southwest Research Service, Riverside, CA, USA. matthew.sloggy@usda.gov
=245  10$aCorrection to: Changing climate, changing minds? The effects of natural disasters on public perceptions of climate change
=300  \\$ap. 17.
=500  \\$aPublished Erratum
=592  \\$aPublisher supplied data
=700  1\$aSuter, Jordan F.$eauthor$uDepartment of Agricultural and Resource Economics, Colorado State University, Fort Collins, CO, USA
=700  1\$aRad, Mani Rouhi$eauthor$uDepartment of Agricultural Sciences, Clemson University, Clemson, SC, USA
=700  1\$aManning, Dale T.$eauthor$uDepartment of Agricultural and Resource Economics, Colorado State University, Fort Collins, CO, USA
=700  1\$aGoemans, Chris$eauthor$uDepartment of Agricultural and Resource Economics, Colorado State University, Fort Collins, CO, USA
=773  0\$tClimatic Change.$g2022 Sept., v. 174, no. 1-2 p.17-17$dSpringer Netherlands$x0165-0009$7nnas
=787  1\$oislandora_article_repository
=856  40$uhttps://dx.doi.org/10.1007/s10584-022-03441-9$3Available from publisher's site
=912  \\$aArticle
=914  \\$fClimatic Change
=917  \\$aissued
=918  2\$aSpringer$eprovider$5DNAL
=935  \\$aIND607950773$9ExL
=949  \\$a2022-09-30
=953  \\$a/data/metadata/incoming/springer/ftp_PUB_22-09-30_05-24-35.zip
=954  \\$afile:/data/metadata/staging/springer/10584-174-1-2.xml
=955  \\$a/data/metadata/staging/springer/
=961  \\$aUSDA/FS
=974  \\$aagid:7950773
=983  \\$a2022-09-30
=984  \\$a2022-09-30

