=LDR  03726nab a2200769 u 4500
=001  9915692070007426
=005  20221119234945.0
=008  200115e201407\\xx\|||||o|||||||||||eng||
=016  7\$aIND600059620$2DNAL
=024  7\$a10113/59620$2hdl
=024  7\$a10.1093/ajae/aau002$2doi
=024  8\$ans5401
=035  \\$aagid:59620-01nal_inst
=040  \\$aAGL$beng$cAGL
=100  1\$aKey, Nigel$eauthor
=245  10$aPotential Effects of Climate Change on the Productivity of U.S. Dairies
=300  \\$ap. 1136-1156.
=500  \\$aJOURNAL ARTICLE
=506  \\$aWorks produced by employees of the U.S. Government as part of their official duties are not copyrighted within the U.S. The content of this document is not copyrighted.
=520  \\$aIn the United States, climate change is likely to increase average daily temperatures and the frequency of heat waves, which can reduce meat and milk production in animals. Methods that livestock producers use to mitigate thermal stress-including modifications to animal management or housing-tend to increase production costs. We use operation‐level economic data coupled with finely‐scaled climate data to estimate how the local thermal environment affects the technical efficiency of dairies across the United States. We then use this information to estimate the possible decline in milk production in 2030 resulting from climate change‐induced heat stress under the simplifying assumptions that the production technology, location of production, and other factors are held constant. For four climate model scenarios, the results indicate modest heat‐stress‐related production declines by 2030, with the largest declines occurring in the southern states.
=592  \\$aPublisher supplied data
=593  \\$aPubAg article
=593  \\$cUSDA submission
=650  \3$acattle housing
=650  \3$aclimate
=650  \3$aclimate change
=650  \3$aclimate models
=650  \3$adairies
=650  \3$aheat
=650  \3$aheat stress
=650  \3$alivestock
=650  \3$ameat
=650  \3$amilk production
=650  \3$aoperating costs
=650  \3$aproduction costs
=650  \3$aproduction technology
=650  \3$atemperature
=651  \3$aUnited States
=700  1\$aSneeringer, Stacy$eauthor
=773  0\$tAmerican journal of agricultural economics.$g2014 July, v. 96, no. 4 p.1136-1156$dOxford University Press$wJournal:jnl44932$x0002-9092$7nnas
=787  1\$oislandora_article_repository
=787  1\$oproduct_pubag
=787  1\$oislandora_pubag_with_text
=787  1\$o(Journal)jnl44932
=856  40$uhttps://handle.nal.usda.gov/10113/59620$3Available in the National Agricultural Library PubAg search system
=856  40$uhttps://dx.doi.org/10.1093/ajae/aau002$3Available from publisher's site
=912  \\$aArticle
=914  \\$aJournal:jnl44932$c96$d4$e1136
=914  \\$fAmerican journal of agricultural economics
=916  \\$aBatch:668
=917  \\$aissued
=918  2\$aJohn Wiley & Sons, Inc$eprovider$5DNAL
=935  \\$aIND600059620$9ExL
=949  \\$a2014-10-08
=953  \\$a/data/metadata/incoming/wiley/00029092_2014_96_4.xml
=954  \\$afile:/data/metadata/staging/wiley/00029092_2014_96_4.xml
=955  \\$a/data/metadata/staging/wiley/
=956  \\$aARIS submission$bhttp://submit-u.nal.usda.gov/system/files/submissions/Key_AJAE_July-2014.pdf
=961  \\$aUSDA
=962  \\$aUSDA Scientist Submission
=962  \\$aBatch:668 annotated on 2014-09-23T10:55:30Z
=962  \\$aBatch:668 reviewed on 2014-10-08T11:00:02Z
=962  \\$aBatch:668 reviewed on 2014-10-08T16:00:02Z
=974  \\$aagid:59620
=983  \\$a2020-01-15
=984  \\$a2020-01-15
=986  \\$ans5401

