=LDR  04807nab a2200733 u 4500
=001  9915702883207426
=005  20221119202500.0
=008  171113e201712\\xx\|||||o|||||||||||eng||
=016  7\$aIND605857197$2DNAL
=024  7\$a10.1111/gcb.13802$2doi
=035  \\$aagid:5857197-01nal_inst
=040  \\$aAGL$beng$cAGL
=100  1\$aFrank, Aline$eauthor$uSwiss Federal Institute for Forest, Snow and Landscape Research WSL, Birmensdorf, Switzerland
=245  10$aRisk of genetic maladaptation due to climate change in three major European tree species
=300  \\$ap. 5358-5371.
=500  \\$aJOURNAL ARTICLE
=520  \\$aTree populations usually show adaptations to their local environments as a result of natural selection. As climates change, populations can become locally maladapted and decline in fitness. Evaluating the expected degree of genetic maladaptation due to climate change will allow forest managers to assess forest vulnerability, and develop strategies to preserve forest health and productivity. We studied potential genetic maladaptation to future climates in three major European tree species, Norway spruce (Picea abies), silver fir (Abies alba), and European beech (Fagus sylvatica). A common garden experiment was conducted to evaluate the quantitative genetic variation in growth and phenology of seedlings from 77 to 92 native populations of each species from across Switzerland. We used multivariate genecological models to associate population variation with past seed source climates, and to estimate relative risk of maladaptation to current and future climates based on key phenotypic traits and three regional climate projections within the A1B scenario. Current risks from climate change were similar to average risks from current seed transfer practices. For all three climate models, future risks increased in spruce and beech until the end of the century, but remained low in fir. Largest average risks associated with climate projections for the period 2061-2090 were found for spruce seedling height (0.64), and for beech bud break and leaf senescence (0.52 and 0.46). Future risks for spruce were high across Switzerland. However, areas of high risk were also found in drought‐prone regions for beech and in the southern Alps for fir. Genetic maladaptation to future climates is likely to become a problem for spruce and beech by the end of this century, but probably not for fir. Consequently, forest management strategies should be adjusted in the study area for spruce and beech to maintain productive and healthy forests in the future.
=592  \\$aPublisher supplied data
=593  \\$aPubAg article
=650  \3$aAbies alba
=650  \3$aFagus sylvatica subsp. sylvatica
=650  \3$aPicea abies
=650  \3$abudbreak
=650  \3$aclimate
=650  \3$aclimate change
=650  \3$aclimate models
=650  \3$aforest health
=650  \3$aforest management
=650  \3$aforests
=650  \3$agenetic variation
=650  \3$aleaves
=650  \3$anatural selection
=650  \3$aphenology
=650  \3$aphenotype
=650  \3$arelative risk
=650  \3$aseedlings
=650  \3$atrees
=651  \3$aAlps region
=651  \3$aSwitzerland
=700  1\$aHowe, Glenn T.$eauthor$uDepartment of Forest Ecosystems and Society, Oregon State University, Corvallis, OR, USA
=700  1\$aSperisen, Christoph$eauthor$uSwiss Federal Institute for Forest, Snow and Landscape Research WSL, Birmensdorf, Switzerland
=700  1\$aBrang, Peter$eauthor$uSwiss Federal Institute for Forest, Snow and Landscape Research WSL, Birmensdorf, Switzerland
=700  1\$aClair, J. Bradley St.$eauthor$uPacific Northwest Research Station, USDA Forest Service, Corvallis, OR, USA
=700  1\$aSchmatz, Dirk R.$eauthor$uSwiss Federal Institute for Forest, Snow and Landscape Research WSL, Birmensdorf, Switzerland
=700  1\$aHeiri, Caroline$eauthor$uSwiss Federal Institute for Forest, Snow and Landscape Research WSL, Birmensdorf, Switzerland
=773  0\$tGlobal change biology.$g2017 Dec., v. 23, no. 12 p.5358-5371$dJohn Wiley & Sons, Ltd$x1354-1013$7nnas
=787  1\$oislandora_article_repository
=787  1\$oproduct_pubag
=787  1\$o(Journal)jnl57021
=856  40$uhttp://dx.doi.org/10.1111/gcb.13802$3Available from publisher's site
=912  \\$aArticle
=914  \\$aJournal:jnl57021$b1354-1013$c23$d12$e5358
=914  \\$fGlobal change biology
=916  \\$aBatch:1895
=917  \\$aissued
=918  2\$aJohn Wiley & Sons, Inc$eprovider$5DNAL
=935  \\$aIND605857197$9ExL
=949  \\$a2018-02-26
=953  \\$a13541013_2017_23_12.xml
=961  \\$aUSDA/FS
=962  \\$aBatch:1895 reviewed on 2018-02-26T04:00:03Z
=974  \\$aagid:5857197
=983  \\$a2017-11-13
=984  \\$a2018-02-26

