=LDR  04462nab a2200649 u 4500
=001  9915703692707426
=005  20221119205535.0
=008  180117e201801\\xx\|||||o|||||||||||eng||
=016  7\$aIND605884974$2DNAL
=024  7\$a10.1111/gcb.13847$2doi
=035  \\$aagid:5884974-01nal_inst
=040  \\$aAGL$beng$cAGL
=100  1\$aLiang, Yu$eauthor
=245  10$aHow disturbance, competition, and dispersal interact to prevent tree range boundaries from keeping pace with climate change
=300  \\$ap. e335-e351.
=500  \\$aJOURNAL ARTICLE
=520  \\$aClimate change is expected to cause geographic shifts in tree species' ranges, but such shifts may not keep pace with climate changes because seed dispersal distances are often limited and competition‐induced changes in community composition can be relatively slow. Disturbances may speed changes in community composition, but the interactions among climate change, disturbance and competitive interactions to produce range shifts are poorly understood. We used a physiologically based mechanistic landscape model to study these interactions in the northeastern United States. We designed a series of disturbance scenarios to represent varied disturbance regimes in terms of both disturbance extent and intensity. We simulated forest succession by incorporating climate change under a high‐emissions future, disturbances, seed dispersal, and competition using the landscape model parameterized with forest inventory data. Tree species range boundary shifts in the next century were quantified as the change in the location of the 5th (the trailing edge) and 95th (the leading edge) percentiles of the spatial distribution of simulated species. Simulated tree species range boundary shifts in New England over the next century were far below (usually <20 km) that required to track the velocity of temperature change (usually more than 110 km over 100 years) under a high‐emissions scenario. Simulated species` ranges shifted northward at both the leading edge (northern boundary) and trailing edge (southern boundary). Disturbances may expedite species' recruitment into new sites, but they had little effect on the velocity of simulated range boundary shifts. Range shifts at the trailing edge tended to be associated with photosynthetic capacity, competitive ability for light and seed dispersal ability, whereas shifts at the leading edge were associated only with photosynthetic capacity and competition for light. This study underscores the importance of understanding the role of interspecific competition and disturbance when studying tree range shifts.
=592  \\$aPublisher supplied data
=593  \\$aPubAg article
=650  \3$aclimate change
=650  \3$acommunity structure
=650  \3$aforest inventory
=650  \3$aforest succession
=650  \3$ainterspecific competition
=650  \3$alandscapes
=650  \3$amodels
=650  \3$aphotosynthesis
=650  \3$aseed dispersal
=650  \3$atemperature
=650  \3$atrees
=651  \3$aNew England region
=651  \3$aNortheastern United States
=700  1\$aDuveneck, Matthew J.$eauthor$uHarvard Forest, Harvard University, Petersham, MA, USA
=700  1\$aGustafson, Eric J.$eauthor$uInstitute for Applied Ecosystem Studies, Northern Research Station, USDA Forest Service, Rhinelander, WI, USA
=700  1\$aSerra‐Diaz, Josep M.$eauthor
=700  1\$aThompson, Jonathan R.$eauthor$uHarvard Forest, Harvard University, Petersham, MA, USA
=773  0\$tGlobal change biology.$g2018 Jan., v. 24, no. 1 p.e335-e351$dJohn Wiley & Sons, Ltd$wJournal:jnl57021$x1354-1013$7nnas
=787  1\$oislandora_article_repository
=787  1\$oproduct_pubag
=787  1\$o(Journal)jnl57021
=856  40$uhttp://dx.doi.org/10.1111/gcb.13847$3Available from publisher's site
=912  \\$aArticle
=914  \\$aJournal:jnl57021$b1354-1013$c24$d1$ee335
=914  \\$fGlobal change biology
=916  \\$aBatch:1908
=917  \\$aissued
=918  2\$aJohn Wiley & Sons, Inc$eprovider$5DNAL
=935  \\$aIND605884974$9ExL
=949  \\$a2018-03-09
=953  \\$a/data/metadata/incoming/wiley/13541013_2018_24_1.xml
=954  \\$afile:/data/metadata/staging/wiley/13541013_2018_24_1.xml
=955  \\$a/data/metadata/staging/wiley/
=961  \\$aUSDA/FS
=962  \\$aBatch:1908 reviewed on 2018-03-09T13:00:02Z
=974  \\$aagid:5884974
=983  \\$a2018-01-17
=984  \\$a2018-03-09

