=LDR  05401nab a2200685 u 4500
=001  9915705778607426
=005  20221119220850.0
=008  211202e202112\\xx\|||||o|||||||||||eng||
=016  7\$aIND607587625$2DNAL
=024  7\$a10.1002/ecy.3525$2doi
=035  \\$aagid:7587625-01nal_inst
=040  \\$aAGL$beng$cAGL
=100  1\$aNelson, Kellen N.$eauthor$uPacific Northwest Research Station, USDA Forest Service, 11175 Auke Lake Way, Juneau, Alaska, 99801, USA$1https://orcid.org/0000-0002-2532-4656
=245  10$aPersistent yet vulnerable: resurvey of an Abies ecotone reveals few differences but vulnerability to climate change
=500  \\$aJOURNAL ARTICLE
=520  \\$aClimate change is shifting forest tree species distributions across elevational and latitudinal gradients, and these changes are often pronounced at ecotones where species meet their climatic bounds and are replaced by other species. Using an extensive ecotone composed of lower‐montane white fir (Abies concolor var. lowiana) and upper‐montane red fir (Abies magnifica var. magnifica) in the central Sierra Nevada range of California, USA, we (1) examined how the demographics of the ecotone have responded to recent climate using a field observational study and a historical dataset, (2) quantified climate drivers across species life stages using contemporary demographic data, and (3) tested the potential impacts of future climate on species‐specific seedling survival and growth in a fully factorial growth chamber experiment that varied temperature, growing season length, and water availability. A re‐examination of the ecotone midpoint after 35 yr suggested a reduction in A. concolor sapling and tree densities and a rise in A. magnifica proportional dominance between surveys. Seedling abundances across the ecotone indicated that A. magnifica tends to dominate the regeneration layer and currently forms an important component of the seedling community at elevations below those where A. magnifica saplings or trees begin to co‐dominate stands. Observational and experimental assessments suggest that temperature and precipitation serve as important drivers, differentiating A. concolor vs. A. magnifica distributions, and are primary stressors at the seedling stage. Seedlings of both species were adversely affected by experimental climate treatments, although A. concolor exhibited greater survival and a more conservative growth strategy under extreme climatic stress than A. magnifica. Projections indicate that historical climate conditions will rise by an amount greater than the ecotone's current elevational extent by the end of the 21st century. Differential drivers of species abundances suggest that the projected climate will expand conditions that promote A. concolor abundance and impede A. magnifica abundance across the ecotone; however, disturbance activity and microclimatic conditions will also influence regeneration and overstory tree dynamics. Our study demonstrates the importance of quantifying species‐specific responses to climate and indicates that widespread regeneration failure may be one possible consequence in which species exhibit strong sensitivity to projected climate conditions.
=592  \\$aPublisher supplied data
=593  \\$aPubAg article
=596  \\$cCalifornia State University Agricultural Research Institute (ARI)
=596  \\$aCALY1603$cUSDA NIFA McIntire‐Stennis
=650  \3$aAbies concolor
=650  \3$aAbies magnifica
=650  \3$aclimate change
=650  \3$adata collection
=650  \3$ademographic statistics
=650  \3$aecotones
=650  \3$aforest trees
=650  \3$agrowth chambers
=650  \3$amicroclimate
=650  \3$amountains
=650  \3$aobservational studies
=650  \3$aoverstory
=650  \3$aseedlings
=650  \3$atemperature
=651  \3$aCalifornia
=700  1\$aO'Dean, Emily$eauthor$uDepartment of Geological Sciences and Engineering, University of Nevada, Reno, 1664 N. Virginia Ave, Reno, Nevada, 89557, USA
=700  1\$aKnapp, Eric E.$eauthor$uPacific Southwest Research Station, USDA Forest Service, 3644 Avtech Parkway, Redding, California, 96002, USA
=700  1\$aParker, Albert J.$eauthor$uDepartment of Geography, University of Georgia, Athens, Georgia, 30605, USA
=700  1\$aBisbing, Sarah M.$eauthor$uDepartment of Natural Resources & Environmental Science, University of Nevada, Reno, 1664 N. Virginia Ave, Reno, Nevada, 89557, USA
=773  0\$tEcology.$g2021 Dec., v. 102, no. 12 p.e03525-$dJohn Wiley & Sons, Ltd$wJournal:jnl46164$x0012-9658$7nnas
=787  1\$oislandora_article_repository
=787  1\$oproduct_pubag
=787  1\$o(Journal)jnl46164
=856  40$uhttps://dx.doi.org/10.1002/ecy.3525$3Available from publisher's site
=912  \\$aArticle
=914  \\$aJournal:jnl46164$b0012-9658$c102$d12$ee03525
=914  \\$fEcology
=916  \\$aBatch:10216
=917  \\$aissued
=918  2\$aJohn Wiley & Sons, Inc$eprovider$5DNAL
=935  \\$aIND607587625$9ExL
=949  \\$a2022-02-23
=952  \\$dNAL-AP-2-clean
=953  \\$a/data/metadata/incoming/wiley/00129658_2021_102_12.xml
=954  \\$afile:/data/metadata/staging/wiley/00129658_2021_102_12.xml
=955  \\$a/data/metadata/staging/wiley/
=961  \\$aUSDA/FS
=974  \\$aagid:7587625
=983  \\$a2021-12-02
=984  \\$a2022-02-19

