=LDR  05012nab a2200745 u 4500
=001  9915709909107426
=005  20221120193117.0
=008  211029e20211115xx\|||||o|||||||||||eng||
=016  7\$aIND607512590$2DNAL
=024  7\$a10.1016/j.agrformet.2021.108649$2doi
=035  \\$aagid:7512590-01nal_inst
=040  \\$aAGL$beng$cAGL
=100  1\$aChen, Yong$eauthor$uCollege of Land Science and Technology, China Agricultural University, 2 Yuanmingyuan W Rd, Haidian District, Beijing 100193, China
=245  10$aModeling climate change impacts on blue, green, and grey water footprints and crop yields in the Texas High Plains, USA
=520  \\$aSimulating the impacts of future climate change on water footprints and crop production allows for selecting alternative crops for mitigating climate change effects. In this study, climate change impacts on irrigated grain corn, grain sorghum, winter wheat, and dryland (rainfed) winter wheat in the Palo Duro watershed of the Texas High Plains were assessed using an improved Soil and Water Assessment Tool (SWAT) model with an enhanced irrigation representation of management allowed depletion (MAD) irrigation scheduling. Climate change analyses in this study used the Coupled Model Intercomparison Project Phase 5 (CMIP5) climate projections of 11 General Circulation Models (GCMs) under four Representative Concentration Pathway (RCP) emission scenarios of RCP2.6, 4.5, 6.0, and 8.5 during two 30-year periods of the middle (2040-2069) and end (2070-2099) of the 21ˢᵗ century to compare to a baseline period of 1970-1999. For the irrigated summer crops of corn and sorghum, all 11 GCMs predicted the reductions of future irrigation, crop evapotranspiration (ETc), and yields compared to the baseline period. According to an ensemble of 11 GCMs, the simulated reductions in average annual irrigation, ETc, and yield for the irrigated corn were 63%, 34%, and 13%, respectively, at the end of the 21ˢᵗ century under the severe emission scenario of RCP8.5. Those values were 80%, 34%, and 34% under the irrigated sorghum land use. As for the irrigated winter wheat, the decreases in future irrigation and ETc were also identified in all GCMs relative to the baseline period. However, irrigated wheat yields were increased in the future climate. The changes in dryland wheat ETc were consistent with the rainfall variation under all climate change scenarios. Generally, the future climate could benefit the dryland wheat yields. A large uncertainty was found for the surface runoff simulations under both irrigated and dryland wheat according to various GCMs.
=592  \\$aPublisher supplied data
=593  \\$aPubAg article
=650  \3$aSoil and Water Assessment Tool model
=650  \3$aarid lands
=650  \3$aclimate
=650  \3$aclimate change
=650  \3$acorn
=650  \3$aevapotranspiration
=650  \3$aforests
=650  \3$agrain sorghum
=650  \3$agreywater
=650  \3$aland use
=650  \3$ameteorology
=650  \3$arain
=650  \3$arunoff
=650  \3$asummer
=650  \3$auncertainty
=650  \3$awatersheds
=650  \3$awinter wheat
=651  \3$aTexas
=653  \0$aSWAT
=653  \0$aGCMs
=653  \0$aRCPs
=653  \0$aSorghum
=700  1\$aMarek, Gary W.$eauthor$uUSDA-ARS Conservation and Production Research Laboratory, 300 Simmons Rd., Unit 10, Bushland, TX 79012, USA
=700  1\$aMarek, Thomas H.$eauthor$uTexas A&M AgriLife Research and Extension Center at Amarillo, 6500 Amarillo Blvd. W., Amarillo, TX 79106, USA
=700  1\$aPorter, Dana O.$eauthor$uTexas A&M AgriLife Research and Extension Center at Lubbock, 1102 E. Drew St., Lubbock, TX 79403, USA$1https://orcid.org/0000-0001-9573-3423
=700  1\$aBrauer, David K.$eauthor$uUSDA-ARS Conservation and Production Research Laboratory, 300 Simmons Rd., Unit 10, Bushland, TX 79012, USA
=700  1\$aSrinivasan, Raghavan$eauthor$uEcology and Conservation Biology, Texas A&M University, 2138 TAMU, College Station, TX 77843, USA
=773  0\$tAgricultural and forest meteorology.$g2021 Nov. 15, v. 310 p.108649-$dElsevier B.V.$wJournal:jnl43250$x0168-1923$7nnas
=787  1\$oislandora_article_repository
=787  1\$oproduct_pubag
=787  1\$o(Journal)jnl43250
=856  40$uhttps://dx.doi.org/10.1016/j.agrformet.2021.108649$3Available from publisher's site
=912  \\$aArticle
=914  \\$aJournal:jnl43250$b0168-1923$c310$e108649
=914  \\$fAgricultural and forest meteorology
=916  \\$aBatch:10216
=917  \\$aissued
=918  2\$aElsevier Consyn$eprovider$5DNAL
=935  \\$aIND607512590$9ExL
=949  \\$a2022-02-23
=952  \\$dNAL-AP-2-clean
=953  \\$a/data/metadata/incoming/consyn/174035756608709989-00002-HEAD-ONLY-REVISEDSUBJECTLIST.zip
=954  \\$afile:/data/metadata/staging/consyn/S016819232100335X.xml
=955  \\$a/data/metadata/staging/consyn/
=961  \\$aUSDA/ARS
=974  \\$aagid:7512590
=983  \\$a2021-10-29
=984  \\$a2022-02-19

