=LDR  04162nab a2200673 u 4500
=001  9915712871707426
=005  20221215143341.0
=008  220901e201809\\xx\|||||o|||||||||||eng||
=016  7\$aIND607332567$2DNAL
=024  7\$a10113/7332567$2hdl
=024  7\$a10.1016/j.scitotenv.2018.03.353$2doi
=024  7\$a10.1016/j.scitotenv.2018.03.353$2chorus
=035  \\$aagid:7332567-01nal_inst
=040  \\$aAGL$beng$cAGL
=100  1\$aWang, Wen J.$eauthor
=245  10$aEffects of species biological traits and environmental heterogeneity on simulated tree species distribution shifts under climate change
=506  \\$aResource is Open Access$uhttp://purl.org/eprint/accessRights/OpenAccess
=506  \\$aCHORUS License Information
=520  \\$aDemographic processes (fecundity, dispersal, colonization, growth, and mortality) and their interactions with environmental changes are not well represented in current climate-distribution models (e.g., niche and biophysical process models) and constitute a large uncertainty in projections of future tree species distribution shifts. We investigate how species biological traits and environmental heterogeneity affect species distribution shifts. We used a species-specific, spatially explicit forest dynamic model LANDIS PRO, which incorporates site-scale tree species demography and competition, landscape-scale dispersal and disturbances, and regional-scale abiotic controls, to simulate the distribution shifts of four representative tree species with distinct biological traits in the central hardwood forest region of United States. Our results suggested that biological traits (e.g., dispersal capacity, maturation age) were important for determining tree species distribution shifts. Environmental heterogeneity, on average, reduced shift rates by 8% compared to perfect environmental conditions. The average distribution shift rates ranged from 24 to 200 m year−1 under climate change scenarios, implying that many tree species may not able to keep up with climate change because of limited dispersal capacity, long generation time, and environmental heterogeneity. We suggest that climate-distribution models should include species demographic processes (e.g., fecundity, dispersal, colonization), biological traits (e.g., dispersal capacity, maturation age), and environmental heterogeneity (e.g., habitat fragmentation) to improve future predictions of species distribution shifts in response to changing climates.
=592  \\$aPublisher supplied data
=593  \\$aPubAg article
=596  \\$cForest Service
=506  0\$fUnrestricted online access$2star
=650  \3$aclimate change
=650  \3$ademography
=650  \3$adynamic models
=650  \3$afecundity
=650  \3$ageographical distribution
=650  \3$ahabitat fragmentation
=650  \3$ahardwood forests
=650  \3$amortality
=650  \3$atrees
=650  \3$auncertainty
=700  1\$aHe, Hong S.$eauthor
=700  1\$aThompson, Frank R.$eauthor
=700  1\$aSpetich, Martin A.$eauthor
=700  1\$aFraser, Jacob S.$eauthor
=773  0\$tScience of The Total Environment.$dElsevier BV$wJournal:jnl4455$x0048-9697$7nnas
=787  1\$oislandora_article_repository
=787  1\$oproduct_pubag
=787  1\$o(Journal)jnl4455
=856  40$uhttps://handle.nal.usda.gov/10113/7332567$3Available in the National Agricultural Library PubAg search system
=856  40$uhttps://dx.doi.org/10.1016/j.scitotenv.2018.03.353$3Available from publisher's site
=912  \\$aArticle
=914  \\$aJournal:jnl4455$c634$e1214
=914  \\$fScience of The Total Environment
=916  \\$aBatch:10130
=917  \\$aissued
=918  2\$aCHORUS$eprovider$5DNAL
=935  \\$aIND607332567$9ExL
=949  \\$a2022-02-22
=955  \\$a/data/metadata/staging/chorus
=961  \\$aUSDA/FSUSDA
=962  \\$aUSDA Scientist Submission
=962  \\$aUSDA Scientist Submission; eISSN 0048-9697
=974  \\$aagid:7332567
=979  \\$aArticle missing volume number
=984  \\$a2022-09-06
=985  \\$aXML source generated via Python using CHORUS API JSON data; converted to MODS with chorus_to_mods.xsl

