=LDR  04839nab a2200853 u 4500
=001  9915714228707426
=005  20221207081217.0
=008  190214e201705\\xx\|||||o|||||||||||eng||
=016  7\$aIND605654028$2DNAL
=024  7\$a10.1016/j.biocon.2017.03.016$2chorus
=024  7\$a10.1016/j.biocon.2017.03.016$2doi
=024  7\$a10.1016/j.biocon.2017.03.016$2chorusOpen
=035  \\$aagid:5654028-01nal_inst
=040  \\$aAGL$beng$cAGL
=100  1\$aZielinski, William J.$eauthor$uUSDA Forest Service, Pacific Southwest Research Station, Pacific Southwest Station, 1700 Bayview Drive, Arcata, CA 95521, United States
=245  10$aNiche overlap of competing carnivores across climatic gradients and the conservation implications of climate change at geographic range margins
=300  \\$ap. 533-545.
=506  \\$aResource is Open Access
=506  \\$aElsevier BV License Information
=506  \\$aResource is Open Access$uhttp://purl.org/eprint/accessRights/OpenAccess
=506  \\$aCHORUS License Information
=520  \\$aThere is considerable interest in factors controlling "warm-edge" limits - the lower elevation and latitudinal edges of a species' range. Understanding whether conservation measures can mitigate anticipated change in climate requires consideration of future climate as well as species interactions. We explored niche relations of martens and fishers at their southern range margins to understand their spatial and temporal dynamics, and how they may be affected by climate change. We used large-scale non-invasive surveys and home range data from radio-marked individuals to explore the spatial dynamics of each species. Marten and fisher were allopatric in the northern/wetter regions but sympatric at intermediate latitudes with lower precipitation. In the driest/southernmost region only fishers occurred. Martens were not detected when annual precipitation was <900mm and rare where minimum temperatures exceeded 4°C. Fishers were absent where spring snow was >650mm. Classification trees, accounting for multivariate interactions, supported these results. Where sympatric, ~70% of a marten's home range overlapped with at least one fisher but martens tended to avoid this area. In sympatry, marten expanded their niche into areas with reduced snowpack, warmer temperatures and uncharacteristic lower elevation habitats. Future climate scenarios predict conditions that favor fishers, but our data suggest martens may be capable of shifting their niche somewhat to warmer and less snowy habitats. The conservation of interacting species at their warm range limits will require land managers be aware of interspecific tolerance, how each may respond uniquely to future climates, and how potential climate refugia can be integrated with existing habitat.
=592  \\$aPublisher supplied data
=593  \\$aPubAg article
=596  \\$cUSDA$dhttps://doi.org/10.13039/100000199
=506  0\$fUnrestricted online access$2star
=650  \3$aMartes
=650  \3$aaltitude
=650  \3$acarnivores
=650  \3$aclimate
=650  \3$aclimate change
=650  \3$ahome range
=650  \3$alatitude
=650  \3$amanagers
=650  \3$arefuge habitats
=650  \3$asnow
=650  \3$asnowpack
=650  \3$aspring
=650  \3$asurveys
=650  \3$asympatry
=650  \3$atemperature
=650  \3$atemporal variation
=653  \0$aCalifornia
=653  \0$aClimate
=653  \0$aFisher
=653  \0$aGeographic range
=653  \0$aMarten
=653  \0$aMartes caurina
=653  \0$aNiche
=653  \0$aPekania pennanti
=653  \0$aSierra Nevada
=700  1\$aTucker, Jody M.$eauthor$uUSDA Forest Service, Pacific Southwest Region, Sequoia National Forest, 1839 S. Newcomb Street, Porterville, CA 93257, United States
=700  1\$aRennie, Kerry M.$eauthor$uDepartment of Wildlife, Humboldt State University, Arcata, CA 95521, United States
=773  0\$tBiological conservation.$g2017 May, v. 209 p.533-545$dElsevier Ltd$wJournal:jnl44607$x0006-3207$7nnas
=787  1\$oislandora_article_repository
=787  1\$oproduct_pubag
=787  1\$o(Journal)jnl44607
=856  40$uhttps://dx.doi.org/10.1016/j.biocon.2017.03.016$3Available from publisher's site
=903  \\$aAccepted Manuscript
=912  \\$aArticle
=914  \\$aJournal:jnl44607$b0006-3207
=914  \\$fBiological conservation
=916  \\$aBatch:1716
=917  \\$aissued
=918  2\$aElsevier Consyn$eprovider$5DNAL
=935  \\$aIND605654028$9ExL
=949  \\$a2020-03-06
=953  \\$a/data/metadata/incoming/consyn/46-2-00003-HEAD-ONLY.zip
=954  \\$afile:/data/metadata/staging/consyn/S0006320716308588.xml
=955  \\$a/data/metadata/staging/consyn/
=961  \\$aUSDA/FS
=974  \\$aagid:5654028
=983  \\$a2019-02-14
=984  \\$a2022-09-02

