=LDR  04418nab a2200721 u 4500
=001  9915715315707426
=005  20221214225018.0
=008  211101e20211008xx\|||||o|||||||||||eng||
=016  7\$aIND607553984$2DNAL
=024  7\$a10113/7553984$2hdl
=024  7\$a384918$2aris
=024  7\$a10.1093/aesa/saab034$2doi
=024  7\$a436694$2aris_accn_no
=024  7\$a3094-32000-042-000D$2aris_project_no
=024  7\$a384918$2seq_no_115
=035  \\$aagid:7553984-01nal_inst
=040  \\$aAGL$beng$cAGL
=100  1\$aOsbrink, Weste L.$eauthor$uUSDA-ARS, Knipling-Bushland U.S. Livestock Insects Research Laboratory, Kerrville, TX, USA$1https://orcid.org/0000-0002-9339-4023
=245  10$aClimate change and alternative hosts complicate the eradication of cattle fever ticks (Acari: Ixodidae) in the southern United States, a review
=300  \\$ap. 39-55.
=520  \\$aPotential reinvasion of the United States by cattle fever ticks, Rhipicephalus (Boophilus) annulatus (Say) and R. (B.) microplus (Canestrini), which are endemic in Mexico, threatens the domestic livestock industry because these ticks vector the causal agents (Babesia bovis (Babes) (Piroplasmida: Babesidae) and B. bigemina Smith & Kilborne) of bovine babesiosis. The Cattle Fever Tick Eradication Program safeguards the health of the national cattle herd preventing reemergence of bovine babesiosis by keeping the United States cattle fever tick-free. Free-living southern cattle tick, R. (B.) microplus, larvae have been collected from vegetation in the wildlife corridor of Cameron Co.- Willacy Co., Texas. Finding R. microplus larvae on vegetation complements reported infestations in wildlife hosts inhabiting the south Texas coastal plains. Substantial population expansion of native white-tailed deer Odocoileus virginianus (Zimmermann) (Artiodactyla: Cervidae), and exotic nilgai antelope Boselaphus tragocamelus (Pallas) (Artiodactyla: Bovidae), both of which are definitive hosts for the cattle fever tick, support local tick populations independent of cattle. Increasing prevalence of native and exotic wild ungulates, widespread tick acaracide resistance, and climate change, undermine efforts to control bovine babesiosis. Thus, ecological conditions have changed since cattle fever ticks were eradicated from the United States in 1943 using cattle-centric control strategies. These changes complicate efforts by the Cattle Fever Tick Eradication Program to keep cattle in the United States free of these cattle fever disease vectors. Technologies that could be applied to integrated eradication efforts are discussed.
=593  \\$aPubAg article
=595  \\$a857$bksichelm$c2022-04-08$damanda.xu$e2022-04-15
=593  \\$eARIS manuscript
=650  \3$aBabesia bovis
=650  \3$aBoselaphus tragocamelus
=650  \3$aOdocoileus virginianus
=650  \3$aRhipicephalus microplus
=650  \3$aantelopes
=650  \3$ababesiosis
=650  \3$abiological corridors
=650  \3$acattle
=650  \3$acattle diseases
=650  \3$aclimate change
=650  \3$aherds
=650  \3$alivestock and meat industry
=650  \3$apopulation growth
=650  \3$aticks
=650  \3$avegetation
=650  \3$awildlife
=651  \3$aMexico
=651  \3$aTexas
=700  1\$aThomas, Donald B.$eauthor$uUSDA-ARS, Cattle Fever Tick Research Laboratory, Edinburg, TX, USA
=700  1\$aLohmeyer, Kimberly H.$eauthor$uUSDA-ARS, Knipling-Bushland U.S. Livestock Insects Research Laboratory, Kerrville, TX, USA
=700  1\$aTemeyer, Kevin B.$eauthor$uUSDA-ARS, Knipling-Bushland U.S. Livestock Insects Research Laboratory, Kerrville, TX, USA
=773  0\$tAnnals of the Entomological Society of America.$g2021 Oct. 8, v. 115, no. 1 p.39-55$wJournal:jnl44731$x0013-8746$7nnas
=787  1\$oislandora_article_repository
=787  1\$oproduct_pubag
=787  1\$o(Journal)jnl44731
=856  40$uhttp://dx.doi.org/10.1093/aesa/saab034$3Available from publisher's Web site
=912  \\$aArticle
=914  \\$aJournal:jnl44731$b0013-8746$c115$d1$e39
=914  \\$fAnnals of the Entomological Society of America
=916  \\$aBatch:10257
=917  \\$aissued
=935  \\$aIND607553984$9ExL
=949  \\$a2022-04-18
=952  \\$dNAL-AP-2-clean
=961  \\$bUSDA
=962  \\$aUSDA Scientist Submission; eISSN 1938-2901
=974  \\$aagid:7553984
=983  \\$a2021-11-01
=984  \\$a2022-04-18

