=LDR  04008nab a2200589 u 4500
=001  9915717437207426
=005  20221122160754.0
=008  200616s2019\\\\xx\|||||o|||||||||||eng||
=016  7\$aIND606987936$2DNAL
=024  7\$a10.17660/ActaHortic.2019.1258.11$2doi
=035  \\$aagid:6987936-01nal_inst
=040  \\$aAGL$beng$cAGL
=100  1\$aDussi, M. C.$eauthor$uDepartment of Agricultural Sciences, Comahue National  University, Cinco Saltos, Argentina
=245  10$aAgroecology in higher education: a multidimensional vision as a resilience strategy to climate change
=300  \\$ap. 79-86.
=500  \\$aPaper presented at the XXX International Horticultural Congress IHC2018: XIX Symposium on Horticultural Economics and Management, VII Symposium on Supply Chains, II Symposium on Economics, Marketing and Consumer Research and VIII Symposium on Education and Consultancy held August 12-16, 2018 Istanbul, Turkey
=520  \\$aThe current agro-industrial model faces several problems today, both globally and regionally. To ensure a sufficient supply of healthy and nutritious food for the growing world population, agriculture will need to use the soil properly, use less oil, less water and less nitrogen. To understand the need to move toward a new paradigm, new approaches, criteria and ways of understanding reality from a multidimensional and ethical perspective are required. The present work aims to consolidate innovative learning processes with the purpose of strengthening capacities in university students that allow them to debate, establish agreement and propose solutions to agricultural production systems. At Comahue National University, a study was conducted with a population of students studying agroecology in 2014-2016. The students were divided into groups of four. Each group was assigned a regional productive unit (PU) to carry out field work using the sustainability indicators technique. From the results obtained, each group proposed suitable management alternatives to increase sustainability in the PU's. At the end of the project work, students were able to define the problems in each PU, propose and discuss diverse hypotheses, and propose different management alternatives, taking into account the critical points detected in the agroecosystems analyzed. Students showed high levels of motivation, interaction with stakeholders and solved specific agronomic problems, based on agroecology as an alternative response to industrial agriculture.
=593  \\$aPubAg article
=593  \\$dKeyed article
=595  \\$a556$balice.allen$c2020-06-19$damanda.xu$e2020-06-27
=650  \3$aagroecosystems
=650  \3$aclimate change
=650  \3$acollege students
=650  \3$aethics
=650  \3$ahigher education
=650  \3$amodels
=650  \3$amotivation
=650  \3$anitrogen
=650  \3$aoils
=650  \3$aproduction technology
=650  \3$asoil
=650  \3$astakeholders
=700  1\$aFlores, L. B.$eauthor$uDepartment of Agricultural Sciences, Comahue National  University, Cinco Saltos, Argentina
=700  1\$aBarrionuevo, M. E.$eauthor$uDepartment of Agricultural Sciences, Comahue National  University, Cinco Saltos, Argentina
=700  1\$aDussi, S. E.$eauthor$uDepartment of Agricultural Sciences, Comahue National  University, Cinco Saltos, Argentina
=773  0\$tActa horticulturae.$g2019, , no. 1258 p.79-86$dInternational Society for Horticultural Science.$wJournal:jnl46289$x0567-7572$7nnas
=787  1\$oislandora_article_repository
=787  1\$oproduct_pubag
=787  1\$o(Journal)jnl46289
=856  40$uhttp://dx.doi.org/10.17660/ActaHortic.2019.1258.11
=912  \\$aArticle
=914  \\$aJournal:jnl46289
=914  \\$fActa horticulturae
=916  \\$aBatch:2620
=917  \\$aissued
=935  \\$aIND606987936$9ExL
=949  \\$a2020-11-23
=961  \\$aUSDA
=962  \\$aUSDA Scientist Submission; eISSN 2406-6168
=974  \\$aagid:6987936
=983  \\$a2020-06-16
=984  \\$a2020-11-23

