=LDR  03098nab a2200541 u 4500
=001  9915717582207426
=005  20221120101650.0
=008  200616s2019\\\\xx\|||||o|||||||||||eng||
=016  7\$aIND606987928$2DNAL
=024  7\$a10.17660/ActaHortic.2019.1258.3$2doi
=035  \\$aagid:6987928-01nal_inst
=040  \\$aAGL$beng$cAGL
=100  1\$aAdebisi-Adelani, O.$eauthor$uNational Horticultural Research Institute, Ibadan, Oyo State,  Nigeria
=245  10$aSocial effects of climate change on smallholder farmers in Akinyele, Oyo State, Nigeria
=300  \\$ap. 19-26.
=500  \\$aPaper presented at the XXX International Horticultural Congress IHC2018: XIX Symposium on Horticultural Economics and Management, VII Symposium on Supply Chains, II Symposium on Economics, Marketing and Consumer Research and VIII Symposium on Education and Consultancy held August 12-16, 2018 Istanbul, Turkey
=520  \\$aClimate change has become a reality in Nigeria. Smallholder farmers are the most affected due to their low level of technology and poor adaptive capabilities. This study was conducted to investigate the social effects of climate change on smallholder farmers in Akinyele, Oyo State, Nigeria. Sixty respondents were randomly selected from three communities. Both qualitative (in-depth interview) and quantitative tools (structured interview schedule) were used for data collection. The results show that most respondents were aware of changes in climate parameters but most believed that climate change was an act of God. Without adaptation strategies, climate change will further exacerbate smallholder farmers' vulnerabilities, placing human health and wellbeing at risk, compromising their livelihoods and impeding sustainable rural development.
=593  \\$aPubAg article
=593  \\$dKeyed article
=595  \\$a556$balice.allen$c2020-06-19$damanda.xu$e2020-06-27
=650  \3$aclimate
=650  \3$aclimate change
=650  \3$adata collection
=650  \3$afarmers
=650  \3$ahuman health
=650  \3$alivelihood
=650  \3$arural development
=651  \3$aNigeria
=700  1\$aAkeredolu, M.$eauthor$uWinrock International, 2101 Riverfront Drive, Little Rock, AR 72202, USA
=700  1\$aAdewale, O. M.$eauthor$uNational Horticultural Research Institute, Ibadan, Oyo State,  Nigeria
=700  1\$aAdeogun, O. M.$eauthor$uNational Institute for Oceanography and Marine, Lagos, Nigeria
=773  0\$tActa horticulturae.$g2019, , no. 1258 p.19-26$dInternational Society for Horticultural Science.$wJournal:jnl46289$x0567-7572$7nnas
=787  1\$oislandora_article_repository
=787  1\$oproduct_pubag
=787  1\$o(Journal)jnl46289
=856  40$uhttp://dx.doi.org/10.17660/ActaHortic.2019.1258.3
=912  \\$aArticle
=914  \\$aJournal:jnl46289
=914  \\$fActa horticulturae
=916  \\$aBatch:2620
=917  \\$aissued
=935  \\$aIND606987928$9ExL
=949  \\$a2020-11-23
=961  \\$aUSDA
=962  \\$aUSDA Scientist Submission; eISSN 2406-6168
=974  \\$aagid:6987928
=983  \\$a2020-06-16
=984  \\$a2020-11-23

