=LDR  07415nab a2201009 u 4500
=001  9915718926707426
=005  20221119202958.0
=008  200819e202009\\xx\|||||o|||||||||||eng||
=016  7\$aIND607072920$2DNAL
=024  7\$a10.1111/fwb.13515$2doi
=035  \\$aagid:7072920-01nal_inst
=040  \\$aAGL$beng$cAGL
=100  1\$aDippold, David A.$eauthor$uDepartment of Evolution, Ecology, and Organismal Biology, Aquatic Ecology Laboratory, The Ohio State University, Columbus, OH, U.S.A.$1https://orcid.org/0000-0002-4240-8704
=245  10$aForecasting the combined effects of anticipated climate change and agricultural conservation practices on fish recruitment dynamics in Lake Erie
=300  \\$ap. 1487-1508.
=500  \\$aJOURNAL ARTICLE
=520  \\$aMany aquatic ecosystems are experiencing multiple anthropogenic stressors that threaten their ability to support ecologically and economically important fish species. Two of the most ubiquitous stressors are climate change and non‐point source nutrient pollution. Agricultural conservation practices (ACPs, i.e. farming practices that reduce runoff, prevent erosion, and curb excessive nutrient loading) offer a potential means to mitigate the negative effects of non‐point source pollution on fish populations. However, our understanding of how ACP implementation amidst a changing climate will affect fish production in large ecosystems that receive substantial upstream sediment and nutrient inputs remains incomplete. Towards this end, we explored how anticipated climate change and the implementation of realistic ACPs might alter the recruitment dynamics of three fish populations (native walleye Sander vitreus and yellow perch Perca flavescens and invasive white perch Morone americana) in the highly productive, dynamic west basin of Lake Erie. We projected future (2020-2065) recruitment under different combinations of anticipated climate change (n = 2 levels) and ACP implementation (n = 4 levels) in the western Lake Erie catchment using predictive biological models driven by forecasted winter severity, spring warming rate, and Maumee River total phosphorus loads that were generated from linked climate, catchment‐hydrology, and agricultural‐practice‐simulation models. In general, our models projected reduced walleye and yellow perch recruitment whereas invasive white perch recruitment was projected to remain stable or increase relative to the recent past. Our modelling also suggests the potential for trade‐offs, as ACP implementation was projected to reduce yellow perch recruitment with anticipated climate change. Overall, our study presents a useful modelling framework to forecast fish recruitment in Lake Erie and elsewhere, as well as offering projections and new avenues of research that could help resource management agencies and policy‐makers develop adaptive and resilient management strategies in the face of anticipated climate and land‐management change.
=592  \\$aPublisher supplied data
=593  \\$aPubAg article
=596  \\$cThe Ohio State University
=596  \\$aGRT00031346$cUnited States Department of Agriculture Conservation Effects Assessment Project
=596  \\$a2016_LUD_44056$cGreat Lakes Fishery Commission
=596  \\$aGRT00042416$cNature Conservancy
=596  \\$aGRT00022685$cNational Science Foundation Coupled Human and Natural Systems
=650  \3$aMorone americana
=650  \3$aPerca flavescens
=650  \3$aSander vitreus
=650  \3$aanthropogenic stressors
=650  \3$aaquatic ecosystems
=650  \3$abasins
=650  \3$abiological models
=650  \3$aclimate
=650  \3$aclimate change
=650  \3$aconservation practices
=650  \3$aerosion control
=650  \3$afarming systems
=650  \3$afish
=650  \3$afish communities
=650  \3$afish production
=650  \3$aindigenous species
=650  \3$ainvasive species
=650  \3$aland management
=650  \3$anonpoint source pollution
=650  \3$apollution load
=650  \3$aresource management
=650  \3$arivers
=650  \3$arunoff
=650  \3$asediments
=650  \3$aspecies recruitment
=650  \3$aspring
=650  \3$atotal phosphorus
=650  \3$awatershed hydrology
=650  \3$awatersheds
=650  \3$awinter
=651  \3$aLake Erie
=700  1\$aAloysius, Noel R.$eauthor$uDepartment of Evolution, Ecology, and Organismal Biology, Aquatic Ecology Laboratory, The Ohio State University, Columbus, OH, U.S.A.$1https://orcid.org/0000-0002-9094-427X
=700  1\$aKeitzer, Steven Conor$eauthor$uDepartment of Natural Sciences, Tusculum University, Tusculum, TN, U.S.A.$1https://orcid.org/0000-0002-8164-4099
=700  1\$aYen, Haw$eauthor$uBlackland Research and Extension Center, Texas A&M University, College Station, TX, U.S.A.$1https://orcid.org/0000-0002-5509-8792
=700  1\$aArnold, Jeffrey G.$eauthor$uUnited States Department of Agriculture, Agricultural Research Center, Temple, TX, U.S.A.
=700  1\$aDaggupati, Prasad$eauthor$uBlackland Research and Extension Center, Texas A&M University, College Station, TX, U.S.A.$1https://orcid.org/0000-0002-7044-3435
=700  1\$aFraker, Michael E.$eauthor$uDepartment of Evolution, Ecology, and Organismal Biology, Aquatic Ecology Laboratory, The Ohio State University, Columbus, OH, U.S.A.$1https://orcid.org/0000-0002-1813-706X
=700  1\$aMartin, Jay F.$eauthor$uDepartment of Food, Agriculture, and Biological Engineering, The Ohio State University, Columbus, OH, U.S.A.$1https://orcid.org/0000-0002-1599-5931
=700  1\$aRobertson, Dale M.$eauthor$uUnited States Geological Survey, Upper Midwest Water Science Center, Middleton, WI, U.S.A.$1https://orcid.org/0000-0001-6799-0596
=700  1\$aSowa, Scott P.$eauthor$uThe Nature Conservancy, Michigan Field Office, Lansing, MI, U.S.A.$1https://orcid.org/0000-0002-5425-2591
=700  1\$aJohnson, Mari‐Vaughn V.$eauthor$uUnited States Department of Agriculture, Resource Assessment Division, Natural Resources Conservation Service, Temple, TX, U.S.A.$1https://orcid.org/0000-0002-2944-2529
=700  1\$aWhite, Mike J.$eauthor$uUnited States Department of Agriculture, Agricultural Research Center, Temple, TX, U.S.A.$1https://orcid.org/0000-0002-1641-0077
=700  1\$aLudsin, Stuart A.$eauthor$uDepartment of Evolution, Ecology, and Organismal Biology, Aquatic Ecology Laboratory, The Ohio State University, Columbus, OH, U.S.A.$1https://orcid.org/0000-0002-3866-2216
=773  0\$tFreshwater biology.$g2020 Sept., v. 65, no. 9 p.1487-1508$dJohn Wiley & Sons, Ltd$wJournal:jnl1839$x0046-5070$7nnas
=787  1\$oislandora_article_repository
=787  1\$oproduct_pubag
=787  1\$o(Journal)jnl1839
=856  40$uhttp://dx.doi.org/10.1111/fwb.13515$3Available from publisher's site
=912  \\$aArticle
=914  \\$aJournal:jnl1839$b0046-5070$c65$d9$e1487
=914  \\$fFreshwater biology
=916  \\$aBatch:2630
=917  \\$aissued
=918  2\$aJohn Wiley & Sons, Inc$eprovider$5DNAL
=935  \\$aIND607072920$9ExL
=949  \\$a2021-02-08
=953  \\$a/data/metadata/incoming/wiley/00465070_2020_65_9.xml
=954  \\$afile:/data/metadata/staging/wiley/00465070_2020_65_9.xml
=955  \\$a/data/metadata/staging/wiley/
=961  \\$aUSDA/NRCSUSDA
=974  \\$aagid:7072920
=983  \\$a2020-08-19
=984  \\$a2021-02-08

