=LDR  04234nab a2200901 u 4500
=001  9916185412207426
=005  20221123030430.0
=008  110128e200303\\xx\|||||o|||||||||||eng||
=016  7\$aIND44484561$2DNAL
=024  7\$a10.1023/A:1022103315424$2doi
=024  7\$a10113/47519$2hdl
=035  \\$aagid:47519-01nal_inst
=040  \\$aAGL$beng$cAGL
=072  \0$aB200
=072  \0$aF120
=072  \0$aW000
=072  \0$aP200
=100  1\$aReilly, J.
=245  10$aU.S. Agriculture and Climate Change: New Results
=300  \\$ap. 43-69.
=500  \\$aIncludes references
=500  \\$a2019-12-06
=520  \\$aWe examined the impacts on U.S. agriculture of transient climate change assimulated by 2 global general circulation models focusing on the decades of the 2030s and 2090s. We examined historical shifts in the location of crops and trends in the variability of U.S. average crop yields, finding that non-climatic forces have likely dominated the north and westward movement of crops and the trends in yield variability. For the simulated future climates we considered impacts on crops, grazing and pasture, livestock, pesticide use, irrigation water supply and demand, and the sensitivity to international trade assumptions, finding that the aggregate of these effects were positive for the U.S. consumer but negative, due to declining crop prices, for producers. We examined the effects of potential changes in El Niño/Southern Oscillation (ENSO) and impacts on yield variability of changes in mean climate conditions. Increased losses occurred with ENSO intensity and frequency increases that could not be completely offset even if the events could be perfectly forecasted. Effects on yield variability of changes in mean temperatures were mixed. We also considered case study interactions of climate, agriculture, and the environment focusing on climate effects on nutrient loading to the Chesapeake Bay and groundwater depletion of the Edward's Aquifer that provides water for municipalities and agriculture to the San Antonio, Texas area. While only case studies, these results suggest environmental targets such as pumping limits and changes in farm practices tolimit nutrient run-off would need to be tightened if current environmental goals were to be achieved under the climate scenarios we examined
=593  \\$aPubAg article
=650  \3$ahistory
=650  \3$asimulation models
=650  \3$aenvironmental impact
=650  \3$aEl Nino
=650  \3$aair temperature
=650  \3$agroundwater
=650  \3$aclimate change
=650  \3$acrop yield
=650  \3$awater table
=650  \3$aagriculture
=650  \3$aenvironmental assessment
=650  \3$apollution load
=650  \3$aestuaries
=650  \3$aprediction
=651  \3$aTexas
=651  \3$aChesapeake Bay
=651  \0$aUnited States
=700  1\$aTubiello, F.
=700  1\$aMcCarl, B.
=700  1\$aAbler, D.
=700  1\$aDarwin, R.
=700  1\$aFuglie, K.
=700  1\$aHollinger, S.
=700  1\$aIzaurralde, C.
=700  1\$aJagtap, S.
=700  1\$aJones, J.
=700  1\$aMearns, L.
=700  1\$aOjima, D.
=700  1\$aPaul, E.
=700  1\$aPaustian, K.
=700  1\$aRiha, S.
=700  1\$aRosenberg, N.
=700  1\$aRosenzweig, C.
=773  0\$tClimatic change.$g2003 Mar., v.  57, no.  1-2 p.43-69$7nnas
=787  1\$oproduct_pubag
=787  1\$oislandora_pubag_with_text
=787  1\$oislandora_article_repository
=852  \\$aDNAL
=856  40$uhttps://handle.nal.usda.gov/10113/47519$3Available in the National Agricultural Library PubAg search system
=856  40$uhttp://dx.doi.org/10.1023/A:1022103315424$3Available from publisher's Web site
=912  \\$aArticle
=914  \\$fClimatic change
=917  \\$aissued
=930  \\$a20110204$b20110305$c00000000
=935  \\$aIND44484561$9ExL
=945  \\$aIND$dGAY$e2011/02/03
=946  \\$aNon-US
=949  \\$a2016-09-13
=952  \\$a20110204 20110305 00000000$bIND GAY 2011/02/03
=961  \\$aUSDA
=974  \\$aagid:47519
=984  \\$a2011-03-05
=985  \\$aConverted from MARCXML to MODS version 3.4 using MARC21slim2MODS3-4.xsl (Revision 1.95 2014/04/23)
=986  \\$a4484561

