=LDR  04849nab a2200853 u 4500
=001  9916188137607426
=005  20221214224731.0
=008  190417e201503\\xx\|||||o|||||||||||eng||
=016  7\$aIND600061835$2DNAL
=024  7\$a307769$2aris
=024  7\$a10113/61835$2hdl
=024  7\$a10.1016/j.ejrh.2015.04.004$2doi
=024  8\$ans8917
=035  \\$aagid:61835-01nal_inst
=040  \\$aAGL$beng$cAGL
=100  1\$aElias, E.H.$eauthor$uUSDA-ARS Jornada Experimental Range, New Mexico State University, PO Box 3003, MSC 3JER, Las Cruces, NM 88003, USA
=245  10$aAssessing climate change impacts on water availability of snowmelt-dominated basins of the Upper Rio Grande basin
=300  \\$ap. 525-546.
=506  \\$aWorks produced by employees of the U.S. Government as part of their official duties are not copyrighted within the U.S. The content of this document is not copyrighted.
=520  \\$aUpper Rio Grande, Colorado and New Mexico, USA.Climate change is predicted to further limit the water availability of the arid southwestern U.S. We use the snowmelt runoff model to evaluate impacts of climate change on snow covered area (SCA), streamflow timing and runoff volume. Simulations investigate four future conditions using models downscaled to existing climate stations. Twenty-four subbasins of the Upper Rio Grande containing appreciable snowmelt and a long-term gauging station are simulated.Future annual volume is 193-204millionm3 more to 448-476millionm3 less than the pre-climate change value of 2688millionm3. There is disparity between increased volume in wetter simulations (+7%) and decreased volume (−18%) in drier simulations. SCA on 1 April reduced by approximately 50% in all but the warmer/wetter climate. Peak flow is 14-24 days early in the future climates. Among the 24 subbasins there is considerable range in mean melt season SCA (−40% to −100%), total volume change (−30% to +57%) and runoff timing advancement indicating that climate change is best evaluated at the subbasin scale. Daily hydrographs show higher streamflow in March and April, but less from mid-May until the end of the water year. The large decrease in volume in May, June and July will compound water management challenges in the region.
=592  \\$aPublisher supplied data
=593  \\$aPubAg article
=594  \\$aEmbargoed article
=595  \\$bjgilbert$c2016-02-19$dfedoraAdmin$e2016-02-19
=593  \\$eARIS manuscript
=650  \3$aGeneral Circulation Models
=650  \3$aSnowmelt Runoff Model
=650  \3$abasins
=650  \3$aclimate
=650  \3$aclimate change
=650  \3$ahydrograph
=650  \3$arunoff
=650  \3$asnow
=650  \3$asnowmelt
=650  \3$astream flow
=650  \3$atemperature
=650  \3$awater management
=650  \3$awatershed hydrology
=651  \3$aColorado
=651  \3$aNew Mexico
=651  \3$aRio Grande River
=653  \0$aSnowmelt runoff model
=653  \0$aClimate change
=653  \0$aUpper Rio Grande
=653  \0$aWater resources
=700  1\$aRango, A.$eauthor$uUSDA-ARS Jornada Experimental Range, New Mexico State University, PO Box 3003, MSC 3JER, Las Cruces, NM 88003, USA
=700  1\$aSteele, C.M.$eauthor$uUSDA-ARS Jornada Experimental Range, New Mexico State University, PO Box 3003, MSC 3JER, Las Cruces, NM 88003, USA
=700  1\$aMejia, J.F.$eauthor$uDesert Research Institute, 2215 Raggio Parkway, Reno, NV 89512, USA
=700  1\$aSmith, R.$eauthor$uUSDA-ARS Jornada Experimental Range, New Mexico State University, PO Box 3003, MSC 3JER, Las Cruces, NM 88003, USA
=773  0\$tJournal of hydrology.$g2015 Mar., v. 3 p.525-546$dElsevier B.V.$wJournal:23229$x2214-5818$7nnas
=787  1\$oislandora_article_repository
=787  1\$oproduct_pubag
=787  1\$o(Journal)23229
=856  40$uhttp://dx.doi.org/10.1016/j.ejrh.2015.04.004$3Available from publisher's site
=856  40$uhttps://handle.nal.usda.gov/10113/61835$3Available in the National Agricultural Library PubAg search system
=912  \\$aArticle
=914  \\$aJournal:23229$b2214-5818$c3$e525
=914  \\$fJournal of hydrology
=916  \\$aBatch:1231
=917  \\$aissued
=918  2\$aElsevier Consyn$eprovider$5DNAL
=935  \\$aIND600061835$9ExL
=949  \\$a2021-06-22
=953  \\$a/data/metadata/incoming/consyn-backfiles/46-2-00118-HEAD-ONLY.zip
=954  \\$afile:/data/metadata/staging/consyn-backfiles/S2214581815000336.xml
=955  \\$a/data/metadata/staging/consyn-backfiles/
=956  \\$aARIS submission$bhttp://submit-u.nal.usda.gov/system/files/submissions/15-021.pdf
=961  \\$aUSDA/ARS
=962  \\$aUSDA Scientist Submission
=962  \\$aBatch:1231 reviewed on 2016-03-10T04:00:02Z
=974  \\$aagid:61835
=983  \\$a2019-04-17
=984  \\$a2020-10-19
=986  \\$ans8917

