=LDR  04533nab a2200781 u 4500
=001  9916188738007426
=005  20221214223801.0
=008  130725s2013\\\\xx\|||||o|||||||||||eng||
=016  7\$aIND500681071$2DNAL
=024  7\$a289102$2aris
=024  7\$a10113/57109$2hdl
=024  7\$a10.111/gcb.12182$2doi
=035  \\$aagid:57109-01nal_inst
=040  \\$aAGL$beng$cAGL
=100  1\$aDijkstra, Feike A.$eauthor
=245  10$aClimate change reduces the net sink of CH4 and N2O in a semiarid grassland
=300  \\$ap. 1816-1826.
=500  \\$a2019-12-06
=506  \\$aWorks produced by employees of the U.S. Government as part of their official duties are not copyrighted within the U.S. The content of this document is not copyrighted.
=520  \\$aMethane (CH4) and nitrous oxide (N2O) are potent greenhouse gases; their concentrations in the atmosphere have increased because of human activity. Soils are important sources and sinks of both gases where their production and consumption are largely regulated by biological processes. Climate change could alter these processes thereby affecting both rate and direction of their exchange with the atmosphere. We examined how a rise in atmospheric CO2 and temperature affected CH4 and N2O fluxes in a semiarid grassland during five growing seasons. We hypothesised that responses of CH4 and N2O fluxes to elevated CO2 and warming would be driven primarily by treatment effects on soil moisture. Previously we showed that elevated CO2 increased and warming decreased soil moisture in this grassland. We therefore expected that elevated CO2 and warming would have opposing effects on CH4 and N2O fluxes. Methane was taken up throughout the growing season in all five years. A bell-shaped relationship was observed with soil moisture in which the lowest CH4 uptake occurred at low and high soil moisture and the highest CH4 uptake at intermediate soil moisture. Both N2O emission and uptake occurred at our site with some years showing cumulative N2O emission and other years showing cumulative N2O uptake. Nitrous oxide fluxes were positively related to soil moisture with N2O uptake mostly occurring in dry soils and N2O emission in wet soils. In contrast to our hypothesis, both elevated CO2 and warming reduced the sink of CH4 and N2O expressed in CO2 equivalents (across five years by 7 and 11% for elevated CO2 and warming respectively). We conclude that CH4 and N2O fluxes are sensitive to soil moisture, and that in a future climate this semiarid grassland may become a smaller sink for atmospheric CH4 and N2O expressed in CO2-equivalents.
=593  \\$aPubAg article
=593  \\$cUSDA submission
=593  \\$eARIS manuscript
=650  \3$acarbon dioxide
=650  \3$agases
=650  \3$agreenhouse gases
=650  \3$amethane production
=650  \3$agreenhouse gas emissions
=650  \3$aair temperature
=650  \3$asemiarid zones
=650  \3$amethane
=650  \3$aelevated atmospheric gases
=650  \3$aglobal warming
=650  \3$agrowing season
=650  \3$asemiarid soils
=650  \3$asoil treatment
=650  \3$asoil water
=650  \3$abiogeochemistry
=650  \3$agrasslands
=650  \3$anitrous oxide
=650  \3$agrassland soils
=653  \0$aatmosphere
=700  1\$aMorgan, Jack A.$eauthor
=700  1\$aFollett, Ronald F.$eauthor
=700  1\$aLecain, Daniel R.$eauthor
=773  0\$tGlobal change biology.$g2013, v. 19 p.1816-1826$wJournal:jnl57021$x1354-1013$7nnas
=787  1\$oislandora_article_repository
=787  1\$oproduct_pubag
=787  1\$oislandora_pubag_with_text
=787  1\$o(Journal)jnl57021
=856  40$uhttps://handle.nal.usda.gov/10113/57109$3Available in the National Agricultural Library PubAg search system
=856  40$uhttp://dx.doi.org/10.111/gcb.12182
=912  \\$aArticle
=914  \\$aJournal:jnl57021$c19$e1816
=914  \\$fGlobal change biology
=917  \\$aissued
=935  \\$aIND500681071$9ExL
=949  \\$a2013-08-14
=956  \\$aARIS submission$bhttp://submit-u.nal.usda.gov/system/files/submissions/Dijkstra%20et%20al%20GCB.pdf
=961  \\$aUSDA
=962  \\$aUSDA Scientist Submission
=962  \\$aBatch:304 annotated on 2013-08-06T15:18:25Z
=962  \\$aBatch:304 reviewed on 2013-08-14T14:00:02Z
=974  \\$aagid:57109
=983  \\$a2013-07-25
=984  \\$a2016-08-16
=985  \\$aUSDA submission converted from Drupal to MODS version 3.4 using submission2mods.xsl (Revision 1.XXX 2012/012/28)
=986  \\$ans2455

