=LDR  04031nab a2200769 u 4500
=001  9916188874507426
=005  20221214225009.0
=008  130808e201301\\xx\|||||o|||||||||||eng||
=016  7\$aIND500684896$2DNAL
=024  7\$a23504719$2pmid
=024  7\$a277260$2aris
=024  7\$a10113/57208$2hdl
=024  7\$a10.1111/j.1365-2486.2012.02779.x$2doi
=024  8\$ans2591
=035  \\$aagid:57208-01nal_inst
=040  \\$aAGL$beng$cAGL
=100  1\$avan Kessel, Chris$eauthor
=245  10$aClimate, duration, and N placement determine N2O emissions in reduced tillage systems: a meta-analysis
=300  \\$ap. 33-44.
=506  \\$aWorks produced by employees of the U.S. Government as part of their official duties are not copyrighted within the U.S. The content of this document is not copyrighted.
=520  \\$aNo-tillage and reduced tillage (NT/RT) management practices are being promoted in agroecosystems to reduce erosion, sequester additional soil C and reduce production costs. The impact of NT/RT on N2O emissions, however, has been variable with both increases and decreases in emissions reported. Herein, we quantitatively synthesize studies on the short- and long-term impact of NT/RT on N2O emissions in humid and dry climatic zones with emissions expressed on both an area- and crop yield-scaled basis. A meta-analysis was conducted on 239 direct comparisons between conventional tillage (CT) and NT/RT. In contrast to earlier studies, averaged across all comparisons, NT/RT did not alter N2O emissions compared with CT. However, NT/RT significantly reduced N2O emissions in experiments >10 years, especially in dry climates. No significant correlation was found between soil texture and the effect of NT/RT on N2O emissions. When fertilizer-N was placed at ≥5 cm depth, NT/RT significantly reduced area-scaled N2O emissions, in particular under humid climatic conditions. Compared to CT under dry climatic conditions, yield-scaled N2O increased significantly (57%) when NT/RT was implemented
=593  \\$aPubAg article
=593  \\$cUSDA submission
=593  \\$eARIS manuscript
=650  \3$aarid zones
=650  \3$aconventional tillage
=650  \3$afertilizer application
=650  \3$agas emissions
=650  \3$ahumid zones
=650  \3$along term experiments
=650  \3$ameta-analysis
=650  \3$anitrogen fertilizers
=650  \3$anitrous oxide
=650  \3$ano-tillage
=650  \3$areduced tillage
=650  \3$asoil texture
=650  \2$aAgriculture
=650  \2$aClimate
=650  \2$aNitrogen$xanalysis
=650  \2$aNitrous Oxide$xanalysis
=700  1\$aVenterea, Rodney$eauthor
=700  1\$aSix, Johan$eauthor
=700  1\$aAdviento-Borbe, Maria Arlene$eauthor
=700  1\$aLinquist, Bruce$eauthor
=700  1\$avan Groenigen, Kees Jan$eauthor
=773  0\$tGlobal change biology.$g2013 Jan., v. 19, no. 1 p.33-44$dBlackwell Science$wJournal:jnl57021$x1354-1013$7nnas
=787  1\$oislandora_article_repository
=787  1\$oproduct_pubag
=787  1\$oislandora_pubag_with_text
=787  1\$o(Journal)jnl57021
=856  40$uhttps://handle.nal.usda.gov/10113/57208$3Available in the National Agricultural Library PubAg search system
=856  40$uhttp://dx.doi.org/10.1111/j.1365-2486.2012.02779.x
=912  \\$aArticle
=914  \\$aJournal:jnl57021$c19$d1$e33
=914  \\$fGlobal change biology
=917  \\$aissued
=935  \\$aIND500684896$9ExL
=949  \\$a2013-09-16
=956  \\$aARIS submission$bhttp://submit-u.nal.usda.gov/system/files/submissions/277260%20Climate%20and%20N%20Placement%20.....pdf
=961  \\$aUSDA
=962  \\$aUSDA Scientist Submission
=962  \\$aBatch:337 annotated on 2013-08-28T10:40:40Z
=962  \\$aBatch:337 reviewed on 2013-09-16T13:00:02Z
=962  \\$aBatch:337 reviewed on 2013-09-16T15:00:02Z
=974  \\$aagid:57208
=985  \\$aUSDA submission converted from Drupal to MODS version 3.4 using submission2mods.xsl (Revision 1.XXX 2012/012/28)
=986  \\$ans2591

