=LDR  05559nab a2200961 u 4500
=001  9916189073407426
=005  20221117200001.0
=008  210417e201211\\xx\|||||o|||||||||||eng||
=016  7\$aIND500691649$2DNAL
=024  7\$a10113/57377$2hdl
=024  7\$a10.1111/j.1469-8137.2012.04349.x$2doi
=024  8\$ans2889
=035  \\$aagid:57377-01nal_inst
=040  \\$aAGL$beng$cAGL
=100  1\$aDijkstra, Feike A.$eauthor$uDepartment of Environmental Sciences, The University of Sydney, Eveleigh, NSW, 2015, Australia
=245  10$aClimate change alters stoichiometry of phosphorus and nitrogen in a semiarid grassland
=300  \\$ap. 807-815.
=500  \\$aJOURNAL ARTICLE
=506  \\$aWorks produced by employees of the U.S. Government as part of their official duties are not copyrighted within the U.S. The content of this document is not copyrighted.
=520  \\$aNitrogen (N) and phosphorus (P) are essential nutrients for primary producers and decomposers in terrestrial ecosystems. Although climate change affects terrestrial N cycling with important feedbacks to plant productivity and carbon sequestration, the impacts of climate change on the relative availability of N with respect to P remain highly uncertain. In a semiarid grassland in Wyoming, USA, we studied the effects of atmospheric CO₂ enrichment (to 600 ppmv) and warming (1.5/3.0°C above ambient temperature during the day/night) on plant, microbial and available soil pools of N and P. Elevated CO₂ increased P availability to plants and microbes relative to that of N, whereas warming reduced P availability relative to N. Across years and treatments, plant N : P ratios varied between 5 and 18 and were inversely related to soil moisture. Our results indicate that soil moisture is important in controlling P supply from inorganic sources, causing reduced P relative to N availability during dry periods. Both wetter soil conditions under elevated CO₂ and drier conditions with warming can further alter N : P. Although warming may alleviate N constraints under elevated CO₂, warming and drought can exacerbate P constraints on plant growth and microbial activity in this semiarid grassland.
=592  \\$aPublisher supplied data
=593  \\$aPubAg article
=593  \\$cUSDA submission
=596  \\$cUS Department of Agriculture (USDA)‐Agricultural Research Service Climate Change
=596  \\$cSoils & Emissions Program
=596  \\$aDEB# 1021559$cthe US National Science Foundation
=596  \\$cUS Department of Energy's Office of Science
=596  \\$aFT100100779$cAustralian Research Council
=650  \3$aambient temperature
=650  \3$acarbon dioxide
=650  \3$acarbon sequestration
=650  \3$adrought
=650  \3$aecosystems
=650  \3$aelevated atmospheric gases
=650  \3$aglobal warming
=650  \3$agrasslands
=650  \3$amicrobial growth
=650  \3$amicroorganisms
=650  \3$anitrogen
=650  \3$anutrients
=650  \3$aphosphorus
=650  \3$aplant growth
=650  \3$asemiarid zones
=650  \3$asoil nutrient dynamics
=650  \3$asoil quality
=650  \3$asoil water
=650  \3$astoichiometry
=650  \3$atrophic relationships
=651  \3$aWyoming
=700  1\$aPendall, Elise$eauthor$uDepartment of Botany and Program in Ecology, University of Wyoming, Laramie, WY, 82071, USA
=700  1\$aMorgan, Jack A.$eauthor$uRangeland Resources Research Unit, USDA‐ARS, Fort Collins, CO, 80526, USA
=700  1\$aBlumenthal, Dana M.$eauthor$uRangeland Resources Research Unit, USDA‐ARS, Fort Collins, CO, 80526, USA
=700  1\$aCarrillo, Yolima$eauthor$uDepartment of Environmental Sciences, The University of Sydney, Eveleigh, NSW, 2015, Australia
=700  1\$aLeCain, Daniel R.$eauthor$uRangeland Resources Research Unit, USDA‐ARS, Fort Collins, CO, 80526, USA
=700  1\$aFollett, Ronald F.$eauthor$uSoil, Plant, and Nutrient Research Unit, USDA‐ARS, Fort Collins, CO, 80526, USA
=700  1\$aWilliams, David G.$eauthor$uDepartments of Botany, Ecosystem Science and Management, Program in Ecology, University of Wyoming, Laramie, WY, 82071, USA
=773  0\$tnew phytologist.$g2012 Nov., v. 196, no. 3 p.807-815$dJohn Wiley & Sons, Ltd$wJournal:jnl44665$x0028-646X$7nnas
=787  1\$oislandora_article_repository
=787  1\$oproduct_pubag
=787  1\$oislandora_pubag_with_text
=787  1\$o(Journal)jnl44665
=856  40$uhttps://handle.nal.usda.gov/10113/57377$3Available in the National Agricultural Library PubAg search system
=856  40$uhttps://dx.doi.org/10.1111/j.1469-8137.2012.04349.x$3Available from publisher's site
=912  \\$aArticle
=914  \\$aJournal:jnl44665$e1
=914  \\$fnew phytologist
=917  \\$aissued
=918  2\$aJohn Wiley & Sons, Inc$eprovider$5DNAL
=935  \\$aIND500691649$9ExL
=949  \\$a2013-09-23
=953  \\$a/data/metadata/incoming/wiley/0028646X_2012_196_3.xml
=954  \\$afile:/data/metadata/staging/wiley/0028646X_2012_196_3.xml
=955  \\$a/data/metadata/staging/wiley/
=956  \\$aARIS submission$bhttp://submit-u.nal.usda.gov/system/files/submissions/116166_Dijkstra_et_al_New_Phytologist.pdf
=961  \\$aUSDA/ARS
=962  \\$aUSDA Scientist Submission
=962  \\$aBatch:352 annotated on 2013-09-16T13:08:56Z
=962  \\$aBatch:352 reviewed on 2013-09-23T13:00:02Z
=962  \\$aBatch:352 reviewed on 2013-09-23T18:00:02Z
=974  \\$aagid:57377
=983  \\$a2021-04-17
=984  \\$a2021-04-17
=986  \\$ans2889

