=LDR  03614nab a2200589 u 4500
=001  9916190012007426
=005  20221117211750.0
=008  090424e200611\\xx\|||||o|||||||||||eng||
=016  7\$aIND44194541$2DNAL
=024  7\$a10.1016/j.ecolind.2005.09.008$2doi
=024  7\$a10113/28643$2hdl
=035  \\$aagid:28643-01nal_inst
=040  \\$aAGL$beng$cAGL
=072  \0$aB200
=072  \0$aX330
=072  \0$aX100
=100  1\$aCoulson, David
=245  10$aIndexing variability: A case study with climate change impacts on ecosystems
=300  \\$ap. 749-769.
=500  \\$aIncludes references
=500  \\$a2019-12-05
=520  \\$aWe developed a methodology to index statistical changes in the variance of ecological measures over time. While ecological indicators are used to assess ecosystem health, vulnerability, risk and damage to ecosystems, their primary focus has been on changes to the mean of the ecological state or process. Little work has been done on incorporating variability into ecological indices. The methodology developed here is based on the Modified Levene's test of variance and a moving block where an initial time period (block) of ecosystem behavior is compared to the moving block. This allows for the detection of not only shifts in variance but also the magnitude of the shift on a continuous basis. Our results compared well with the benchmarked results from the Centered Cumulative Sum of Squares Algorithm (CUSUM) for detection of variance changes in fixed time series. The output from this methodology is a continuous stream of parameters (significant variance shift, magnitude of the shift, and the direction of the variance shift) suitable for indexing variance or integrating into an index measuring ecosystem change. Results suggest that the block interval widths should be at least 50 and that a smoothing factor of five be used to avoid false positives. We used modeled vegetation carbon output to analyze the utility of the methodology, illustrating that different model assumptions and CO2 regimes affect the variability of the ecological response. The degree of risk resource managers may want to explore can be altered by choices in the block length, the length of the string used to smooth variance shifts, the assumption that the initial period has constant variance and the alpha levels used to determine statistical significance.
=593  \\$aPubAg article
=650  \3$aenvironmental impact
=650  \3$avariance
=650  \3$aclimate change
=650  \3$aecosystems
=650  \3$aalgorithms
=650  \3$astatistical models
=653  \0$amathematical models
=700  1\$aJoyce, Linda
=773  0\$tEcological indicators.$g2006 Nov., v.  6, no.  4 p.749-769$7nnas
=787  1\$oproduct_pubag
=787  1\$oislandora_pubag_with_text
=787  1\$oislandora_article_repository
=852  \\$aDNAL
=856  40$uhttps://handle.nal.usda.gov/10113/28643$3Available in the National Agricultural Library PubAg search system
=856  40$uhttp://dx.doi.org/10.1016/j.ecolind.2005.09.008$3Available from publisher's Web site
=912  \\$aArticle
=914  \\$fEcological indicators
=917  \\$aissued
=930  \\$a20090501$b20090508$c00000000
=935  \\$aIND44194541$9ExL
=945  \\$aIND$dGAY$e2009/05/01
=946  \\$aNon-US
=949  \\$a2016-09-13
=952  \\$a20090501 20090508 00000000$bIND GAY 2009/05/01
=961  \\$aUSDA/FS
=974  \\$aagid:28643
=984  \\$a2009-05-22
=985  \\$aConverted from MARCXML to MODS version 3.4 using MARC21slim2MODS3-4.xsl (Revision 1.95 2014/04/23)
=986  \\$a4194541

