=LDR  04677nab a2200661 u 4500
=001  9916190042007426
=005  20221117211814.0
=008  190417e201905\\xx\|||||o|||||||||||eng||
=016  7\$aIND606373635$2DNAL
=024  7\$a10.1111/gcb.14571$2doi
=035  \\$aagid:6373635-01nal_inst
=040  \\$aAGL$beng$cAGL
=100  1\$aNorthrup, Joseph M.$eauthor$uForest Biodiversity Research Network, Department of Forest Ecosystems and Society, Oregon State University, Corvallis, Oregon$1https://orcid.org/0000-0001-6319-4138
=245  10$aSynergistic effects of climate and land‐use change influence broad‐scale avian population declines
=300  \\$ap. 1561-1575.
=500  \\$aJOURNAL ARTICLE
=520  \\$aClimate and land‐use changes are expected to be the primary drivers of future global biodiversity loss. Although theory suggests that these factors impact species synergistically, past studies have either focused on only one in isolation or have substituted space for time, which often results in confounding between drivers. Tests of synergistic effects require congruent time series on animal populations, climate change and land‐use change replicated across landscapes that span the gradient of correlations between the drivers of change. Using a unique time series of high‐resolution climate (measured as temperature and precipitation) and land‐use change (measured as forest change) data, we show that these drivers of global change act synergistically to influence forest bird population declines over 29 years in the Pacific Northwest of the United States. Nearly half of the species examined had declined over this time. Populations declined most in response to loss of early seral and mature forest, with responses to loss of early seral forest amplified in landscapes that had warmed over time. In addition, birds declined more in response to loss of mature forest in areas that had dried over time. Climate change did not appear to impact populations in landscapes with limited habitat loss, except when those landscapes were initially warmer than the average landscape. Our results provide some of the first empirical evidence of synergistic effects of climate and land‐use change on animal population dynamics, suggesting accelerated loss of biodiversity in areas under pressure from multiple global change drivers. Furthermore, our findings suggest strong spatial variability in the impacts of climate change and highlight the need for future studies to evaluate multiple drivers simultaneously to avoid potential misattribution of effects.
=592  \\$aPublisher supplied data
=593  \\$aPubAg article
=596  \\$cCollege of Forestry, Oregon State University
=596  \\$a1014995$cUSDA National Institute of Food and Agriculture, McIntire Stennis project
=650  \3$abiodiversity
=650  \3$abirds
=650  \3$aclimate
=650  \3$aclimate change
=650  \3$aforests
=650  \3$ahabitat destruction
=650  \3$aland use change
=650  \3$alandscapes
=650  \3$apopulation dynamics
=650  \3$asynergism
=650  \3$atemperature
=650  \3$atime series analysis
=651  \3$aUnited States
=700  1\$aRivers, James W.$eauthor$uDepartment of Forest Ecosystems and Society, Oregon State University, Corvallis, Oregon$1https://orcid.org/0000-0001-5041-6002
=700  1\$aYang, Zhiqiang$eauthor$uForest Biodiversity Research Network, Department of Forest Ecosystems and Society, Oregon State University, Corvallis, Oregon
=700  1\$aBetts, Matthew G.$eauthor$uForest Biodiversity Research Network, Department of Forest Ecosystems and Society, Oregon State University, Corvallis, Oregon$1https://orcid.org/0000-0002-7100-2551
=773  0\$tGlobal change biology.$g2019 May, v. 25, no. 5 p.1561-1575$dJohn Wiley & Sons, Ltd$wJournal:jnl57021$x1354-1013$7nnas
=787  1\$oislandora_article_repository
=787  1\$oproduct_pubag
=787  1\$o(Journal)jnl57021
=856  40$uhttp://dx.doi.org/10.1111/gcb.14571$3Available from publisher's site
=912  \\$aArticle
=914  \\$aJournal:jnl57021$b1354-1013$c25$d5$e1561
=914  \\$fGlobal change biology
=916  \\$aBatch:2197
=917  \\$aissued
=918  2\$aJohn Wiley & Sons, Inc$eprovider$5DNAL
=935  \\$aIND606373635$9ExL
=949  \\$a2019-05-14
=953  \\$a/data/metadata/incoming/wiley/13541013_2019_25_5.xml
=954  \\$afile:/data/metadata/staging/wiley/13541013_2019_25_5.xml
=955  \\$a/data/metadata/staging/wiley/
=961  \\$aUSDA/FS
=962  \\$aBatch:2197 reviewed on 2019-05-14T09:56:24Z
=974  \\$aagid:6373635
=983  \\$a2019-04-17
=984  \\$a2019-05-14

