=LDR  03597nab a2200685 u 4500
=001  9916191101607426
=005  20221122084914.0
=008  100225e200004\\xx\|||||o|||||||||||eng||
=016  7\$aIND44331548$2DNAL
=024  7\$a10.1023/A:1005669807945$2doi
=024  7\$a10113/39327$2hdl
=035  \\$aagid:39327-01nal_inst
=040  \\$aAGL$beng$cAGL
=072  \0$aB200
=072  \0$aX800
=100  1\$aReilly, John$eauthor$uJoint Program on the Science, Policy of Global Change Massachusetts Institute of Technology, Cambridge, MA, 02139-4307, USA, 
=245  10$aIrreversibility, Uncertainty, and Learning: Portraits of Adaptation to Long-Term Climate Change
=300  \\$ap. 253-278.
=500  \\$a2019-12-05
=520  \\$aThe usefulness of adaptation strategies to changing climate depends on the characteristics of the system that must adapt. Divergent views on whether climate change will seriously affect society and what society can do about it can be traced, in part, to divergent views on these characteristics of systems. Issues of scale and how impacts are measured are also important. We identify a set of fundamental characteristics of natural systems and social systems that help to make underlying assumptions in climate change adaptation studies explicit. These are: Short-run autonomous flexibility; short-run non-autonomous flexibility; knowledge and capacity to undertake short-run actions; long-run autonomous flexibility; long-run non-autonomous flexibility; and knowledge and capacity to plan for and undertake adaptations that require changes in long-lived assets. Applications to crop agriculture and ecosystems illustrate how these portraits can be used. We find that if empirical research is to resolve questions of adaptability, more careful specification of the exact measure of impact and far richer models of the process of adaptation, able to test implicit assumptions in much of the existing empirical research, are needed.
=592  \\$aPublisher supplied data
=593  \\$aPubAg article
=650  \3$aagroecosystems
=650  \3$aplanning
=650  \3$auncertainty
=650  \3$alearning
=650  \3$asocial adjustment
=650  \3$amodels
=650  \3$aclimate change
=650  \3$aassets
=650  \3$asociety
=650  \3$aclimate
=650  \3$acrops
=653  \0$aadaptation
=700  1\$aSchimmelpfennig, David$eauthor
=773  0\$tClimatic change.$g2000 Apr., v. 45, no. 1 p.253-278$dSpringer-Verlag$x0165-0009$7nnas
=787  1\$oproduct_pubag
=787  1\$oislandora_pubag_with_text
=787  1\$oislandora_article_repository
=852  \\$aDNAL
=856  40$uhttps://handle.nal.usda.gov/10113/39327$3Available in the National Agricultural Library PubAg search system
=856  40$uhttp://dx.doi.org/10.1023/A:1005669807945$3Available from publisher's Web site
=912  \\$aArticle
=914  \\$fClimatic change
=917  \\$aissued
=918  2\$aSpringer$eprovider$5DNAL
=930  \\$a20100313$b20100403$c00000000
=935  \\$aIND44331548$9ExL
=945  \\$aIND$dGAY$e2010/03/12
=949  \\$a2016-09-13
=952  \\$a20100313 20100403 00000000$bIND GAY 2010/03/12
=953  \\$aftp_PUB_14-08-27_06-16-47.zip
=961  \\$aUSDA/ERS
=962  \\$aBatch:665 annotated on 2014-09-16T13:32:33Z
=962  \\$aBatch:665 reviewed on 2014-10-14T16:00:01Z
=962  \\$aBatch:665 reviewed on 2014-10-15T04:00:03Z
=974  \\$aagid:39327
=984  \\$a2018-05-25
=985  \\$aConverted from MARCXML to MODS version 3.4 using MARC21slim2MODS3-4.xsl (Revision 1.95 2014/04/23)
=986  \\$a4331548

