=LDR  05705nab a2200829 u 4500
=001  9916196881107426
=005  20221207130732.0
=008  181228e201812\\xx\|||||o|||||||||||eng||
=016  7\$aIND606126748$2DNAL
=024  7\$a10.1186/s13021-018-0099-z$2doi
=024  7\$aPMC6125263$2pmcid
=024  7\$a30187146$2pmid
=035  \\$aagid:6126748-01nal_inst
=040  \\$aAGL$beng$cAGL
=100  1\$aSmyth, C. E.$eauthor$uNatural Resources Canada, Canadian Forest Service, 506 Burnside Road West, Victoria, BC, V8Z 1M5, Canada. Carolyn.Smyth@canada.ca$1https://orcid.org/0000-0003-0270-6480
=245  10$aClimate change mitigation in Canada's forest sector: a spatially explicit case study for two regions
=300  \\$ap. 11.
=506  \\$aResource is Open Access$uhttp://purl.org/eprint/accessRights/OpenAccess
=520  \\$aBACKGROUND: We determine the potential of forests and the forest sector to mitigate greenhouse gas (GHG) emissions by changes in management practices and wood use for two regions within Canada's managed forest from 2018 to 2050. Our modeling frameworks include the Carbon Budget Model of the Canadian Forest Sector, a framework for harvested wood products that estimates emissions based on product half-life decay times, and an account of marginal emission substitution benefits from the changes in use of wood products and bioenergy. Using a spatially explicit forest inventory with 16 ha pixels, we examine mitigation scenarios relating to forest management and wood use: increased harvesting efficiency; residue management for bioenergy; reduced harvest; reduced slashburning, and more longer-lived wood products. The primary reason for the spatially explicit approach at this coarse resolution was to estimate transportation distances associated with delivering harvest residues for heat and/or electricity production for local communities. RESULTS: Results demonstrated large differences among alternative scenarios, and from alternative assumptions about substitution benefits for fossil fuel-based energy and products which changed scenario rankings. Combining forest management activities with a wood-use scenario that generated more longer-lived products had the highest mitigation potential. CONCLUSIONS: The use of harvest residues to meet local energy demands in place of burning fossil fuels was found to be an effective scenario to reduce GHG emissions, along with scenarios that increased the utilization level for harvest, and increased the longevity of wood products. Substitution benefits from avoiding fossil fuels or emissions-intensive products were dependent on local circumstances for energy demand and fuel mix, and the assumed wood use for products. As projected future demand for biomass use in national GHG mitigation strategies could exceed sustainable biomass supply, analyses such as this can help identify biomass sources that achieve the greatest mitigation benefits.
=592  \\$aPublisher supplied data
=593  \\$aPubAg article
=506  0\$fUnrestricted online access$2star
=650  \3$abioenergy
=650  \3$abiomass
=650  \3$aburning
=650  \3$acase studies
=650  \3$aclimate change
=650  \3$aelectricity generation
=650  \3$aforest industries
=650  \3$aforest inventory
=650  \3$aforest management
=650  \3$aforests
=650  \3$afossil fuels
=650  \3$aglobal carbon budget
=650  \3$agreenhouse gas emissions
=650  \3$agreenhouse gases
=650  \3$ahalf life
=650  \3$aharvesting
=650  \3$aheat
=650  \3$alongevity
=650  \3$amodels
=650  \3$apollution control
=650  \3$atransportation
=650  \3$awood
=651  \3$aCanada
=700  1\$aSmiley, B. P.$eauthor$uNatural Resources Canada, Canadian Forest Service, 506 Burnside Road West, Victoria, BC, V8Z 1M5, Canada
=700  1\$aMagnan, M.$eauthor$uNatural Resources Canada, Canadian Forest Service, 506 Burnside Road West, Victoria, BC, V8Z 1M5, Canada
=700  1\$aBirdsey, R.$eauthor$uUSDA Forest Service and Woods Hole Research Center, 149 Woods Hole Road, Falmouth, MA, 02540, USA$1https://orcid.org/0000-0003-4949-8607
=700  1\$aDugan, A. J.$eauthor$uUSDA Forest Service, Northern Research Station, 11 Campus Blvd, Suite 200, Newtown Square, PA, 19073, USA
=700  1\$aOlguin, M.$eauthor$uCommission for Environmental Cooperation, 393 St-Jacques Street West, Suite 200, Montreal, QC, H2Y 1N9, Canada
=700  1\$aMascorro, V. S.$eauthor$uCommission for Environmental Cooperation, 393 St-Jacques Street West, Suite 200, Montreal, QC, H2Y 1N9, Canada
=700  1\$aKurz, W. A.$eauthor$uNatural Resources Canada, Canadian Forest Service, 506 Burnside Road West, Victoria, BC, V8Z 1M5, Canada$1https://orcid.org/0000-0003-4576-7849
=773  0\$tCarbon balance and management.$g2018 Dec., v. 13, no. 1 p.11-11$dSpringer International Publishing$wJournal:19518$x1750-0680$7nnas
=787  1\$oislandora_article_repository
=787  1\$oproduct_pubag
=787  1\$o(Journal)19518
=856  40$uhttp://dx.doi.org/10.1186/s13021-018-0099-z$3Available from publisher's site
=912  \\$aArticle
=914  \\$aJournal:19518$b1750-0680$c13$d1$e11
=914  \\$fCarbon balance and management
=916  \\$aBatch:2071
=917  \\$aissued
=918  2\$aSpringer$eprovider$5DNAL
=935  \\$aIND606126748$9ExL
=949  \\$a2020-05-13
=953  \\$a/data/metadata/incoming/springer/ftp_PUB_18-12-28_05-34-59.zip
=954  \\$afile:/data/metadata/staging/springer/13021-13-1.xml
=955  \\$a/data/metadata/staging/springer/
=961  \\$aUSDA/FS
=974  \\$aagid:6126748
=983  \\$a2018-12-28
=984  \\$a2020-09-28

