=LDR  05961nab a2200829 u 4500
=001  9916196882107426
=005  20221207130720.0
=008  181228e201812\\xx\|||||o|||||||||||eng||
=016  7\$aIND606126750$2DNAL
=024  7\$a10.1186/s13021-018-0100-x$2doi
=024  7\$aPMC6123328$2pmcid
=024  7\$a30182168$2pmid
=035  \\$aagid:6126750-01nal_inst
=040  \\$aAGL$beng$cAGL
=100  1\$aDugan, Alexa J.$eauthor$uUSDA Forest Service, Northern Research Station, 11 Campus Blvd, Suite 200, Newtown Square, PA, 19073, USA. adugan@fs.fed.us$1https://orcid.org/0000-0001-8626-1479
=245  12$aA systems approach to assess climate change mitigation options in landscapes of the United States forest sector
=300  \\$ap. 13.
=506  \\$aResource is Open Access$uhttp://purl.org/eprint/accessRights/OpenAccess
=520  \\$aBACKGROUND: United States forests can contribute to national strategies for greenhouse gas reductions. The objective of this work was to evaluate forest sector climate change mitigation scenarios from 2018 to 2050 by applying a systems-based approach that accounts for net emissions across four interdependent components: (1) forest ecosystem, (2) land-use change, (3) harvested wood products, and (4) substitution benefits from using wood products and bioenergy. We assessed a range of land management and harvested wood product scenarios for two case studies in the U.S: coastal South Carolina and Northern Wisconsin. We integrated forest inventory and remotely-sensed disturbance data within a modelling framework consisting of a growth-and-yield driven ecosystem carbon model; a harvested wood products model that estimates emissions from commodity production, use and post-consumer treatment; and displacement factors to estimate avoided fossil fuel emissions. We estimated biophysical mitigation potential by comparing net emissions from land management and harvested wood products scenarios with a baseline ('business as usual') scenario. RESULTS: Baseline scenario results showed that the strength of the ecosystem carbon sink has been decreasing in the two sites due to age-related productivity declines and deforestation. Mitigation activities have the potential to lessen or delay the further reduction in the carbon sink. Results of the mitigation analysis indicated that scenarios reducing net forest area loss were most effective in South Carolina, while extending harvest rotations and increasing longer-lived wood products were most effective in Wisconsin. Scenarios aimed at increasing bioenergy use either increased or reduced net emissions within the 32-year analysis timeframe. CONCLUSIONS: It is critical to apply a systems approach to comprehensively assess net emissions from forest sector climate change mitigation scenarios. Although some scenarios produced a benefit by displacing emissions from fossil fuel energy or by substituting wood products for other materials, these benefits can be outweighed by increased carbon emissions in the forest or product systems. Maintaining forests as forests, extending rotations, and shifting commodities to longer-lived products had the strongest mitigation benefits over several decades. Carbon cycle impacts of bioenergy depend on timeframe, feedstocks, and alternative uses of biomass, and cannot be assumed carbon neutral.
=592  \\$aPublisher supplied data
=593  \\$aPubAg article
=506  0\$fUnrestricted online access$2star
=650  \3$abioenergy
=650  \3$abiomass
=650  \3$acarbon
=650  \3$acarbon cycle
=650  \3$acarbon sinks
=650  \3$acase studies
=650  \3$aclimate change
=650  \3$adeforestation
=650  \3$aemissions
=650  \3$aenergy
=650  \3$afeedstocks
=650  \3$aforest ecosystems
=650  \3$aforest industries
=650  \3$aforest inventory
=650  \3$aforests
=650  \3$afossil fuels
=650  \3$agreenhouse gases
=650  \3$aland use change
=650  \3$alandscapes
=650  \3$amodels
=650  \3$aremote sensing
=650  \3$awood products
=651  \3$aSouth Carolina
=651  \3$aWisconsin
=700  1\$aBirdsey, Richard$eauthor$uUSDA Forest Service and Woods Hole Research Center, 149 Woods Hole Road, Falmouth, MA, 02540, USA
=700  1\$aMascorro, Vanessa S.$eauthor$uConsultant to the Commission for Environmental Cooperation, 393 St-Jacques Street West, Suite 200, Montreal, QC, H2Y 1N9, Canada
=700  1\$aMagnan, Michael$eauthor$uNatural Resources Canada, Canadian Forest Service, 506 Burnside Road West, Victoria, BC, V8Z 1M5, Canada
=700  1\$aSmyth, Carolyn E.$eauthor$uNatural Resources Canada, Canadian Forest Service, 506 Burnside Road West, Victoria, BC, V8Z 1M5, Canada
=700  1\$aOlguin, Marcela$eauthor$uConsultant to the Commission for Environmental Cooperation, 393 St-Jacques Street West, Suite 200, Montreal, QC, H2Y 1N9, Canada
=700  1\$aKurz, Werner A.$eauthor$uNatural Resources Canada, Canadian Forest Service, 506 Burnside Road West, Victoria, BC, V8Z 1M5, Canada
=773  0\$tCarbon balance and management.$g2018 Dec., v. 13, no. 1 p.13-13$dSpringer International Publishing$wJournal:19518$x1750-0680$7nnas
=787  1\$oislandora_article_repository
=787  1\$oproduct_pubag
=787  1\$o(Journal)19518
=856  40$uhttp://dx.doi.org/10.1186/s13021-018-0100-x$3Available from publisher's site
=912  \\$aArticle
=914  \\$aJournal:19518$b1750-0680$c13$d1$e13
=914  \\$fCarbon balance and management
=916  \\$aBatch:2071
=917  \\$aissued
=918  2\$aSpringer$eprovider$5DNAL
=935  \\$aIND606126750$9ExL
=949  \\$a2020-05-13
=953  \\$a/data/metadata/incoming/springer/ftp_PUB_18-12-28_05-34-59.zip
=954  \\$afile:/data/metadata/staging/springer/13021-13-1.xml
=955  \\$a/data/metadata/staging/springer/
=961  \\$aUSDA/FS
=974  \\$aagid:6126750
=983  \\$a2018-12-28
=984  \\$a2020-09-28

