=LDR  04546nab a2200721 u 4500
=001  9916198713207426
=005  20221120055911.0
=008  200804e20200915xx\|||||o|||||||||||eng||
=016  7\$aIND606995182$2DNAL
=024  7\$a10.1016/j.agrformet.2020.108075$2doi
=035  \\$aagid:6995182-01nal_inst
=040  \\$aAGL$beng$cAGL
=100  1\$aZhao, Fengjun$eauthor$uResearch institute of Forest Ecology, Environment and Protection, Chinese Academy of Forestry, Forest Protection Laboratory of National Forestry and Grassland Administration, Beijing 100091, China
=245  10$aChange in the fire season pattern from bimodal to unimodal under climate change: The case of Daxing'anling in Northeast China
=500  \\$aNAL-AP-2-clean
=520  \\$aThe length of the wildfire season has become longer in many regions around the world under climate change. This study investigated changes in fire season pattern (i.e., the number of separate periods of a year when wildfires are most likely to ignite, spread, and affect resources) and the contributions of climate change in Daxing'anling, Northeast China. An expanded fire dataset in both spatial and temporal converge from ground reporting was used. A comparison with satellite detected burned areas showed good agreement in spring, summer, and entire fire season. The results showed that the number of fires used to appear in a bimodal pattern with spring and fall peaks in the last century, but transitioned to a unimodal pattern peaked in summer in this century. This conversion was mainly resulted from a remarkable increase in summer lightning fires, which was in turned associated with warming in Daxing'anling. Another factor for the conversion was decreased spring nonlightning fire occurrence in the northwest subregion, where the conversion was the most significant. This decrease of fire was mainly associated with increased precipitation. The analysis of a compositional fire series, built as the log of the ratio of lightning to nonlightning fires, suggests that climate change was a major factor for the conversion of fire season pattern. The finding from this study indicates a need to adjust the fire prevention implementation timeline by including summer fires and to develop strategies to reduce the related risks to firefighter safety and forest ecosystem health in Daxing'anling.
=592  \\$aPublisher supplied data
=593  \\$aPubAg article
=596  \\$cNational Natural Science Foundation of China$dhttps://doi.org/10.13039/501100001809
=596  \\$cUSDA$dhttps://doi.org/10.13039/100000199
=650  \3$aclimate change
=650  \3$adata collection
=650  \3$aenvironmental health
=650  \3$afire fighters
=650  \3$afire prevention
=650  \3$afire season
=650  \3$aforest ecosystems
=650  \3$aforests
=650  \3$alightning
=650  \3$ameteorology
=650  \3$asatellites
=650  \3$aspring
=650  \3$asummer
=650  \3$awildfires
=651  \3$aChina
=653  \0$aHistorical analysis
=653  \0$aFire trend
=653  \0$aWeather trend
=653  \0$aCompositional fire series
=653  \0$aFire-weather relationship
=653  \0$aFire management
=700  1\$aLiu, Yongqiang$eauthor$uCenter for Forest Disturbance Science, USDA Forest Service, Athens, GA, United States$1https://orcid.org/0000-0001-8223-7615
=700  1\$aShu, Lifu$eauthor$uResearch institute of Forest Ecology, Environment and Protection, Chinese Academy of Forestry, Forest Protection Laboratory of National Forestry and Grassland Administration, Beijing 100091, China
=773  0\$tAgricultural and forest meteorology.$g2020 Sept. 15, v. 291 p.108075-$dElsevier B.V.$wJournal:jnl43250$x0168-1923$7nnas
=787  1\$oislandora_article_repository
=787  1\$oproduct_pubag
=787  1\$o(Journal)jnl43250
=856  40$uhttps://dx.doi.org/10.1016/j.agrformet.2020.108075$3Available from publisher's site
=912  \\$aArticle
=914  \\$aJournal:jnl43250$b0168-1923$c291$e108075
=914  \\$fAgricultural and forest meteorology
=916  \\$aBatch:10117
=917  \\$aissued
=918  2\$aElsevier Consyn$eprovider$5DNAL
=935  \\$aIND606995182$9ExL
=949  \\$a2021-08-30
=953  \\$a/data/metadata/incoming/consyn/136918155820036786-00002-HEAD-ONLY-NEW CONSYN ISSNS.zip
=954  \\$afile:/data/metadata/staging/consyn/S0168192320301775.xml
=955  \\$a/data/metadata/staging/consyn/
=961  \\$aUSDA/FS
=974  \\$aagid:6995182
=983  \\$a2020-08-04
=984  \\$a2021-08-30

