=LDR  05364nab a2200829 u 4500
=001  9916201053907426
=005  20221207102839.0
=008  220901e202104\\xx\|||||o|||||||||||eng||
=016  7\$aIND607317836$2DNAL
=024  7\$a10113/7317836$2hdl
=024  7\$a10.1016/j.ecss.2021.107188$2doi
=024  7\$a10.1016/j.ecss.2021.107188$2chorus
=035  \\$aagid:7317836-01nal_inst
=040  \\$aAGL$beng$cAGL
=100  1\$aLavaud, Romain$eauthor
=245  10$aDynamic Energy Budget modelling to predict eastern oyster growth, reproduction, and mortality under river management and climate change scenarios
=506  \\$aResource is Open Access$uhttp://purl.org/eprint/accessRights/OpenAccess
=506  \\$aCHORUS License Information
=520  \\$aEastern oysters growing in deltaic Louisiana estuaries in the northern Gulf of Mexico must tolerate considerable salinity variation from natural climate variability (e.g., rainfall and stream run-off pushing isohalines offshore; tropical storms pushing isohalines inshore) and man-made diversions and siphons releasing freshwater from the Mississippi River. These salinity variations are predicted to increase with future climate change because of the increased frequency of stronger storms and also in response to proposed large-scale river diversions. Increased Mississippi River flow into coastal estuaries from river diversions, along with potential changes in rainfall and stream run-off from climate change will alter spatial and temporal salinity patterns. In this study we used an individual Dynamic Energy Budget model to predict growth and reproductive potential of eastern oysters across observed and simulated salinity gradients corresponding to different climate and river management scenarios. We used validated model outputs of salinity from a coupled hydrology-hydrodynamic model to assess the current impacts of Davis Pond diversion discharge on oysters located downstream. Under a high diversion discharge scenario oyster growth potential was reduced by 9%, 4%, and 1% in Upper, Mid, and Lower Bay locations, respectively, as compared to a limited discharge year. Reproductive outputs decreased by 34% and 2% in the Upper and Lower Bay locations, respectively, and increased by 2% at the Mid Bay site. In scenarios combining predicted increased temperature with the effect of diversions, all oysters located in the Upper and Mid Bay sites died due to severe summer conditions (high temperatures combined with low salinity). Overall, oysters in down-estuary locations, influenced by both estuarine river management and gulf conditions demonstrated significant tolerance to changing salinity and temperature conditions from diversions alone and when combined with climate change. In contrast, oysters located up-estuary, and exposed to more extreme salinity impacts from river management, demonstrated potentially lethal impacts through direct mortality, and reduced sustainability through decrease in reproductive output. These predictions at the individual level may translate into less sustainable populations in the most extreme scenarios; restoration and production plans may benefit from accounting for these impacts on reproductive output particularly as decision makers seek to restore critical oyster areas.
=592  \\$aPublisher supplied data
=593  \\$aPubAg article
=596  \\$cLouisiana Department of Wildlife and Fisheries
=596  \\$cLouisiana Sea Grant, Louisiana State University
=596  \\$cNational Institute of Food and Agriculture
=506  0\$fUnrestricted online access$2star
=650  \3$aCrassostrea virginica
=650  \3$aclimate
=650  \3$aclimate change
=650  \3$aenergy
=650  \3$aestuaries
=650  \3$afreshwater
=650  \3$amodel validation
=650  \3$amodels
=650  \3$amortality
=650  \3$aoysters
=650  \3$arain
=650  \3$areproductive performance
=650  \3$ariver flow
=650  \3$arivers
=650  \3$arunoff
=650  \3$asalinity
=650  \3$astreams
=650  \3$asummer
=650  \3$atemperature
=651  \3$aGulf of Mexico
=651  \3$aLouisiana
=651  \3$aMississippi River
=700  1\$aLa, Peyre Megan K.$eauthor
=700  1\$aJustic, Dubravko$eauthor
=700  1\$aLa, Peyre Jerome F.$eauthor
=773  0\$tEstuarine, Coastal and Shelf Science.$dElsevier BV$x0272-7714$7nnas
=787  1\$oislandora_article_repository
=787  1\$oproduct_pubag
=787  1\$o(Journal)11851
=856  40$uhttps://handle.nal.usda.gov/10113/7317836$3Available in the National Agricultural Library PubAg search system
=856  40$uhttps://dx.doi.org/10.1016/j.ecss.2021.107188$3Available from publisher's site
=912  \\$aArticle
=914  \\$aJournal:11851$c251$e107188
=914  \\$fEstuarine, Coastal and Shelf Science
=917  \\$aissued
=918  2\$aCHORUS$eprovider$5DNAL
=935  \\$aIND607317836$9ExL
=949  \\$a2022-04-22
=952  \\$dNAL-AP-2-clean
=955  \\$a/data/metadata/staging/chorus
=961  \\$aUSDA
=962  \\$aUSDA Scientist Submission
=962  \\$aUSDA Scientist Submission; eISSN 1096-0015
=974  \\$aagid:7317836
=979  \\$aArticle missing volume number
=984  \\$a2022-09-06
=985  \\$aXML source generated via Python using CHORUS API JSON data; converted to MODS with chorus_to_mods.xsl

