=LDR  04122nab a2200733 u 4500
=001  9916202499807426
=005  20221121032510.0
=008  071012e19990201xx\|||||o|||||||||||eng||
=016  7\$aIND43960110$2DNAL
=024  7\$a10.1016/S0304-3800(98)00200-2$2doi
=024  7\$a10113/4355$2hdl
=035  \\$aagid:4355-01nal_inst
=040  \\$aAGL$beng$cAGL
=072  \0$aF300
=072  \0$aK001
=072  \0$aW000
=072  \0$aB200
=100  1\$aIverson, L.R.
=245  10$aModeling potential future individual tree-species distributions in the eastern United States under a climate change scenario: a case study with Pinus virginiana
=300  \\$ap. 77-93.
=500  \\$aIncludes references
=500  \\$a2019-12-06
=520  \\$aWe are using a deterministic regression tree analysis model (DISTRIB) and a stochastic migration model (SHIFT) to examine potential distributions of approximately 66 individual species of eastern US trees under a 2xCO2 climate change scenario. This process is demonstrated for Virginia pine (Pinus virginiana). USDA Forest Service Forest Inventory and Analysis data for more than 100 000 plots and nearly 3 million trees east of the 100th meridian were analyzed and aggregated to the county level to provide species importance values for each of more than 2100 counties. County-level data also were compiled on climate, soils, land use, elevation, and spatial pattern. Regression tree analysis (RTA) was used to devise prediction rules from current species-environment relationships, which were then used to replicate the current distribution and predict the potential future distributions under two scenarios of climate change (2xCO2). RTA allows different variables to control importance value predictions at different regions, e.g. at the northern versus southern range limits of a species. RTA outputs represent the potential 'environmental envelope' shifts required by species, while the migration model predicts the more realistic shifts based on colonization probabilities from varying species abundances within a fragmented landscape. The model shows severely limited migration in regions of high forest fragmentation, particularly when the species is low in abundance near the range boundary. These tools are providing mechanisms for evaluating the relationships among various environmental and landscape factors associated with tree-species importance and potential migration in a changing global climate.
=593  \\$aPubAg article
=650  \3$ageographical distribution
=650  \3$alandscape ecology
=650  \3$acarbon dioxide
=650  \3$amathematical models
=650  \3$aforest trees
=650  \3$abotanical composition
=650  \3$aphytogeography
=650  \3$aclimate change
=650  \3$aelevated atmospheric gases
=650  \3$aPinus virginiana
=650  \3$aforest stands
=650  \3$astochastic processes
=651  \3$aEastern United States
=653  \0$astochastic migration model
=653  \0$aregression tree analysis
=653  \0$adeterministic regression tree analysis model
=653  \0$aforest ecology
=700  1\$aPrasad, A.
=700  1\$aSchwartz, M.W.
=773  0\$tEcological modelling.$g1999 Feb. 1, v.  115, no.  1 p.77-93$7nnas
=787  1\$oproduct_pubag
=787  1\$oislandora_pubag_with_text
=787  1\$oislandora_article_repository
=852  \\$aDNAL
=856  40$uhttps://handle.nal.usda.gov/10113/4355$3Available in the National Agricultural Library PubAg search system
=856  40$uhttp://dx.doi.org/10.1016/S0304-3800(98)00200-2$3Available from publisher's Web site
=912  \\$aArticle
=914  \\$fEcological modelling
=917  \\$aissued
=930  \\$a20071015$b20071102$c00000000
=935  \\$aIND43960110$9ExL
=945  \\$aIND$dRHF$e2007/10/15
=946  \\$aNon-US
=949  \\$a2016-09-13
=952  \\$a20071015 20071102 00000000$bIND RHF 2007/10/15
=961  \\$aUSDA/FS
=974  \\$aagid:4355
=984  \\$a2007-11-02
=985  \\$aConverted from MARCXML to MODS version 3.4 using MARC21slim2MODS3-4.xsl (Revision 1.95 2014/04/23)
=986  \\$a3960110

