=LDR  04992nab a2200793 u 4500
=001  9916203186407426
=005  20221207115417.0
=008  191025e201907\\xx\|||||o|||||||||||eng||
=016  7\$aIND606392606$2DNAL
=024  7\$a10.1016/j.jhydrol.2019.04.076$2chorus
=024  7\$a10.1016/j.jhydrol.2019.04.076$2doi
=035  \\$aagid:6392606-01nal_inst
=040  \\$aAGL$beng$cAGL
=100  1\$aMontrone, Ashton$eauthor$uGraduate Program of Hydrologic Sciences, University of Nevada Reno, 1664 N. Virginia Street, Mail Stop 0175, Reno, NV 89557, USA
=245  10$aClimate change impacts on vernal pool hydrology and vegetation in northern California
=300  \\$ap. 1003-1013.
=506  \\$aResource is Open Access$uhttp://purl.org/eprint/accessRights/OpenAccess
=506  \\$aCHORUS License Information
=520  \\$aVernal pools are seasonal wetlands that have a high diversity of endemic and native plant species, yet they are threatened by agricultural conversion and urban development and face threats posed by climate change resulting from altered precipitation and temperature regimes. We developed an approach to investigate the potential impacts of climate change on hydrology and vegetation communities of vernal pools by creating a mass-balance hydrologic model that is coupled to a statistical model of plant community distribution. The hydrologic and vegetative models were calibrated using field measurements from a vernal pool in northeastern California that experiences snow-dominated hydrology and is larger than vernal pools in more studied areas like Central California, but representative of other northern California vernal pools. Using downscaled data from global climate models, the coupled model suggests that warmer conditions will lead to the pool being inundated for a shorter time, but with little change in maximum depth. Reduced hydroperiods suggest possible declines in vernal pool specialist species with future climate change. The coupled model is an integrated approach for understanding the impact of altered environmental conditions on unique hydrology and plant community composition of vernal pool ecosystems, but the model approach could be improved with longer term data and by applying it at more sites to broaden the applicability of the approach and to enable better process representation.
=592  \\$aPublisher supplied data
=593  \\$aPubAg article
=596  \\$cU.S. Forest Service$dhttps://doi.org/10.13039/100006959
=596  \\$cDesert Research Institute
=506  0\$fUnrestricted online access$2star
=650  \3$abotanical composition
=650  \3$aclimate change
=650  \3$aclimate models
=650  \3$aecosystems
=650  \3$aenvironmental factors
=650  \3$ahydrologic models
=650  \3$aindigenous species
=650  \3$aplant communities
=650  \3$aplants (botany)
=650  \3$astatistical models
=650  \3$atemperature
=650  \3$aurban development
=650  \3$avegetation
=650  \3$avernal pools
=651  \3$aCalifornia
=653  \0$aEphemeral pool
=653  \0$aHydrologic modeling
=653  \0$aHydroperiod
=653  \0$aWetland plants
=653  \0$aSeasonal wetland
=700  1\$aSaito, Laurel$eauthor$uDepartment of Natural Resources and Environmental Science and Graduate Program of Hydrologic Sciences, University of Nevada Reno, 1664 N. Virginia Street, Mail Stop 0186, Reno, NV 89557, USA$1https://orcid.org/0000-0001-6727-5541
=700  1\$aWeisberg, Peter J.$eauthor$uDepartment of Natural Resources and Environmental Science, University of Nevada Reno, Mail Stop 0186, Reno, NV 89557, USA
=700  1\$aGosejohan, Meredith$eauthor$uDepartment of Natural Resources and Environmental Science, University of Nevada Reno, Mail Stop 0186, Reno, NV 89557, USA
=700  1\$aMerriam, Kyle$eauthor$uSierra Cascade Province, USDA Forest Service, 159 Lawrence St., Quincy, CA 95971, USA
=700  1\$aMejia, John F.$eauthor$uDivision of Atmospheric Sciences, Desert Research Institute, 2215 Raggio Parkway, Reno, NV, 89512, USA
=773  0\$tJournal of hydrology.$g2019 July, v. 574 p.1003-1013$dElsevier B.V.$aElsevier B.V.$wJournal:jnl46539$x0022-1694$7nnas
=787  1\$oislandora_article_repository
=787  1\$oproduct_pubag
=787  1\$o(Journal)jnl46539
=856  40$uhttps://dx.doi.org/10.1016/j.jhydrol.2019.04.076$3Available from publisher's site
=912  \\$aArticle
=914  \\$aJournal:jnl46539$b0022-1694
=914  \\$fJournal of hydrology
=916  \\$aBatch:2228
=917  \\$aissued
=918  2\$aElsevier Consyn$eprovider$5DNAL
=935  \\$aIND606392606$9ExL
=949  \\$a2019-10-25
=953  \\$a/data/metadata/incoming/consyn/825910413425416861-00001-HEAD-ONLY-REVISEDSUBJECTLIST.zip
=954  \\$afile:/data/metadata/staging/consyn/S0022169419304172.xml
=955  \\$a/data/metadata/staging/consyn/
=961  \\$aUSDA/FS
=974  \\$aagid:6392606
=983  \\$a2019-10-25
=984  \\$a2022-09-06

