=LDR  03526nab a2200709 u 4500
=001  9916206950307426
=005  20221215142410.0
=008  190417e201710\\xx\|||||o|||||||||||eng||
=016  7\$aIND605829316$2DNAL
=024  7\$a10.1016/j.cois.2017.07.008$2doi
=024  7\$a10.1016/j.cois.2017.07.008$2chorus
=035  \\$aagid:5829316-01nal_inst
=040  \\$aAGL$beng$cAGL
=100  1\$aMurrell, Ebony G$eauthor$uDepartment of Ecosystem Science and Management, The Pennsylvania State University, University Park, PA, USA
=245  10$aCan agricultural practices that mitigate or improve crop resilience to climate change also manage crop pests?
=300  \\$ap. 81-88.
=506  \\$aResource is Open Access$uhttp://purl.org/eprint/accessRights/OpenAccess
=506  \\$aCHORUS License Information
=520  \\$aSustainable agricultural practices that are promoted for mitigating climate change have the potential to also improve pest management. The author highlights recent studies that demonstrate effects of climate-mitigating agricultural practices on arthropod pests and predators in agronomic cropping systems. Promising practices for suppressing pests and/or improving biological control include: plant species diversification, especially via the addition of perennial species; cover cropping; tillage practices that retain crop residue; application of organic fertilizers such as compost and manure; and water management practices such as irrigation and sustainable rice intensification. More research is needed that explicitly tests pest and predator responses to agricultural practices under climate change conditions, if these practices are to be effectively promoted and implemented as agricultural pest management strategies.
=592  \\$aPublisher supplied data
=593  \\$aPubAg article
=596  \\$cNational Institute of Food and Agriculture, United States Department of Agriculture$dhttps://doi.org/10.13039/100005825
=506  0\$fUnrestricted online access$2star
=650  \3$aarthropod pests
=650  \3$abiological control
=650  \3$aclimate change
=650  \3$acomposts
=650  \3$acrop residues
=650  \3$acropping systems
=650  \3$ainsects
=650  \3$airrigation
=650  \3$apest management
=650  \3$aplant pests
=650  \3$apredators
=650  \3$arice
=650  \3$aspecies diversity
=650  \3$asustainable agriculture
=650  \3$atillage
=650  \3$awater management
=773  0\$tCurrent opinion in insect science.$g2017 Oct., v. 23 p.81-88$dElsevier Inc.$wJournal:23301$x2214-5745$7nnas
=787  1\$oislandora_article_repository
=787  1\$oproduct_pubag
=787  1\$o(Journal)23301
=856  40$uhttps://dx.doi.org/10.1016/j.cois.2017.07.008$3Available from publisher's site
=856  40$uhttp://handle.nal.usda.gov/10113/5829316
=912  \\$aArticle
=914  \\$aJournal:23301$b2214-5745$c23$e81
=914  \\$fCurrent opinion in insect science
=916  \\$aBatch:1951
=917  \\$aissued
=918  2\$aElsevier Consyn$eprovider$5DNAL
=935  \\$aIND605829316$9ExL
=949  \\$a2020-03-06
=953  \\$a/data/metadata/incoming/consyn-backfiles/46-2-00118-HEAD-ONLY.zip
=954  \\$afile:/data/metadata/staging/consyn-backfiles/S221457451630133X.xml
=955  \\$a/data/metadata/staging/consyn-backfiles/
=961  \\$aUSDA
=962  \\$aUSDA Scientist Submission; eISSN 2214-5753
=962  \\$aMissing ISSN
=974  \\$aagid:5829316
=983  \\$a2019-04-17
=984  \\$a2022-10-04

