=LDR  05293nab a2200805 u 4500
=001  9916209710207426
=005  20221122175929.0
=008  180102e201707\\xx\|||||o|||||||||||eng||
=016  7\$aIND605878269$2DNAL
=024  7\$a10.1111/gcb.13555$2doi
=035  \\$aagid:5878269-01nal_inst
=040  \\$aAGL$beng$cAGL
=100  1\$aBuma, Brian$eauthor$uDepartment of Natural Sciences, University of Alaska Southeast, 11120 Glacier Highway, Juneau, AK, 99801, USA
=245  10$aEmerging climate‐driven disturbance processes: widespread mortality associated with snow‐to‐rain transitions across 10° of latitude and half the range of a climate‐threatened conifer
=300  \\$ap. 2903-2914.
=500  \\$aJOURNAL ARTICLE
=500  \\$a2019-12-06
=520  \\$aClimate change is causing rapid changes to forest disturbance regimes worldwide. While the consequences of climate change for existing disturbance processes, like fires, are relatively well studied, emerging drivers of disturbance such as snow loss and subsequent mortality are much less documented. As the climate warms, a transition from winter snow to rain in high latitudes will cause significant changes in environmental conditions such as soil temperatures, historically buffered by snow cover. The Pacific coast of North America is an excellent test case, as mean winter temperatures are currently at the snow-rain threshold and have been warming for approximately 100 years post‐Little Ice Age. Increased mortality in a widespread tree species in the region has been linked to warmer winters and snow loss. Here, we present the first high‐resolution range map of this climate‐sensitive species, Callitropsis nootkatensis (yellow‐cedar), and document the magnitude and location of observed mortality across Canada and the United States. Snow cover loss related mortality spans approximately 10° latitude (half the native range of the species) and 7% of the overall species range and appears linked to this snow-rain transition across its range. Mortality is commonly >70% of basal area in affected areas, and more common where mean winter temperatures is at or above the snow-rain threshold (>0 °C mean winter temperature). Approximately 50% of areas with a currently suitable climate for the species (<−2 °C) are expected to warm beyond that threshold by the late 21st century. Regardless of climate change scenario, little of the range which is expected to remain suitable in the future (e.g., a climatic refugia) is in currently protected landscapes (<1-9%). These results are the first documentation of this type of emerging climate disturbance and highlight the difficulties of anticipating novel disturbance processes when planning for conservation and management.
=592  \\$aPublisher supplied data
=593  \\$aPubAg article
=650  \3$aplanning
=650  \3$asnowpack
=650  \3$asoil temperature
=650  \3$aXanthocyparis nootkatensis
=650  \3$atrees
=650  \3$arefuge habitats
=650  \3$acoasts
=650  \3$aconifers
=650  \3$aforest damage
=650  \3$aclimate
=650  \3$awinter
=650  \3$afires
=650  \3$aclimate change
=650  \3$amortality
=650  \3$alandscapes
=650  \3$aenvironmental factors
=650  \3$asnow
=650  \3$arain
=650  \3$alatitude
=650  \3$astand basal area
=651  \3$aUnited States
=651  \3$aCanada
=653  \0$abasal area
=700  1\$aHennon, Paul E.$eauthor$uUSDA Forest Service, PNW Research Station, 11175 Auke Lake Way, Juneau, AK, 99801, USA
=700  1\$aHarrington, Constance A.$eauthor$uUSDA Forest Service, PNW Research Station, 3625 93rd Ave SW, Olympia, WA, 98512, USA
=700  1\$aPopkin, Jamie R.$eauthor$uLittle Earth GIS Consulting Inc., PO Box 354, Lantzville, BC, V0R 2H0, Canada
=700  1\$aKrapek, John$eauthor$uSchool of Natural Resources and Extension, University of Alaska Fairbanks, Fairbanks, AK, 99775, USA
=700  1\$aLamb, Melinda S.$eauthor$uUSDA Forest Service, Alaska Region, Juneau, AK, 99801, USA
=700  1\$aOakes, Lauren E.$eauthor$uStanford University, Stanford, CA, 94305, USA
=700  1\$aSaunders, Sari$eauthor$uCoast Area Research, BC Ministry of Forests, Lands, and Natural Resource Operations, Nanaimo, BC, V9T 6E9, Canada
=700  1\$aZeglen, Stefan$eauthor$uWest Coast Region, British Columbia Ministry of Forests, Lands and Natural Resource Operations, Nanaimo, BC, V9T 6E9, Canada
=773  0\$tGlobal change biology.$g2017 July, v. 23, no. 7 p.2903-2914$dJohn Wiley & Sons, Ltd$wJournal:jnl57021$x1354-1013$7nnas
=787  1\$oislandora_article_repository
=787  1\$oproduct_pubag
=787  1\$o(Journal)jnl57021
=856  40$uhttp://dx.doi.org/10.1111/gcb.13555$3Available from publisher's site
=912  \\$aArticle
=914  \\$aJournal:jnl57021$b1354-1013$c23$d7$e2903
=914  \\$fGlobal change biology
=916  \\$aBatch:1908
=917  \\$aissued
=918  2\$aJohn Wiley & Sons, Inc$eprovider$5DNAL
=935  \\$aIND605878269$9ExL
=949  \\$a2018-03-09
=953  \\$a13541013_2017_23_7.xml
=961  \\$aUSDA/FS
=962  \\$aBatch:1908 reviewed on 2018-03-09T13:00:02Z
=974  \\$aagid:5878269
=983  \\$a2018-01-02
=984  \\$a2018-03-09

