=LDR  04271nab a2200661 u 4500
=001  9916209714307426
=005  20221122175914.0
=008  180102e201706\\xx\|||||o|||||||||||eng||
=016  7\$aIND605878234$2DNAL
=024  7\$a10.1111/gcb.13532$2doi
=035  \\$aagid:5878234-01nal_inst
=040  \\$aAGL$beng$cAGL
=100  1\$aRichardson, Bryce A.$eauthor$uUSDA Forest Service, Rocky Mountain Research Station, Provo, UT, 84606, USA
=245  10$aWill phenotypic plasticity affecting flowering phenology keep pace with climate change?
=300  \\$ap. 2499-2508.
=500  \\$aJOURNAL ARTICLE
=520  \\$aRising temperatures have begun to shift flowering time, but it is unclear whether phenotypic plasticity can accommodate projected temperature change for this century. Evaluating clines in phenological traits and the extent and variation in plasticity can provide key information on assessing risk of maladaptation and developing strategies to mitigate climate change. In this study, flower phenology was examined in 52 populations of big sagebrush (Artemisia tridentata) growing in three common gardens. Flowering date (anthesis) varied 91 days from late July to late November among gardens. Mixed‐effects modeling explained 79% of variation in flowering date, of which 46% could be assigned to plasticity and genetic variation in plasticity and 33% to genetics (conditional R² = 0.79, marginal R² = 0.33). Two environmental variables that explained the genetic variation were photoperiod and the onset of spring, the Julian date of accumulating degree‐days >5 °C reaching 100. The genetic variation was mapped for contemporary and future climates (decades 2060 and 2090), showing flower date change varies considerably across the landscape. Plasticity was estimated to accommodate, on average, a ±13‐day change in flowering date. However, the examination of genetic variation in plasticity suggests that the magnitude of plasticity could be affected by variation in the sensitivity to photoperiod and temperature. In a warmer common garden, lower‐latitude populations have greater plasticity (+16 days) compared to higher‐latitude populations (+10 days). Mapped climatypes of flowering date for contemporary and future climates illustrate the wide breadth of plasticity and large geographic overlap. Our research highlights the importance of integrating information on genetic variation, phenotypic plasticity and climatic niche modeling to evaluate plant responses and elucidate vulnerabilities to climate change.
=592  \\$aPublisher supplied data
=593  \\$aPubAg article
=650  \3$aArtemisia tridentata
=650  \3$aclimate
=650  \3$aclimate change
=650  \3$aflowering date
=650  \3$agardens
=650  \3$agenetic variation
=650  \3$aheat sums
=650  \3$alandscapes
=650  \3$amodels
=650  \3$aphenology
=650  \3$aphenotypic plasticity
=650  \3$aphotoperiod
=650  \3$aplant response
=650  \3$aplasticity
=650  \3$arisk assessment
=650  \3$aspring
=650  \3$atemperature
=700  1\$aChaney, Lindsay$eauthor$uPlant and Wildlife Sciences, Brigham Young University, Provo, UT, 84602, USA
=700  1\$aShaw, Nancy L.$eauthor$uUSDA Forest Service, Rocky Mountain Research Station, Boise, ID, 83702, USA
=700  1\$aStill, Shannon M.$eauthor$uUC Davis Arboretum, University of California, Davis, 1 Shields Ave., Davis, CA, 95616, USA
=773  0\$tGlobal change biology.$g2017 June, v. 23, no. 6 p.2499-2508$dJohn Wiley & Sons, Ltd$wJournal:jnl57021$x1354-1013$7nnas
=787  1\$oislandora_article_repository
=787  1\$oproduct_pubag
=787  1\$o(Journal)jnl57021
=856  40$uhttp://dx.doi.org/10.1111/gcb.13532$3Available from publisher's site
=912  \\$aArticle
=914  \\$aJournal:jnl57021$b1354-1013$c23$d6$e2499
=914  \\$fGlobal change biology
=916  \\$aBatch:1908
=917  \\$aissued
=918  2\$aJohn Wiley & Sons, Inc$eprovider$5DNAL
=935  \\$aIND605878234$9ExL
=949  \\$a2018-03-09
=953  \\$a13541013_2017_23_6.xml
=961  \\$aUSDA/FS
=962  \\$aBatch:1908 reviewed on 2018-03-09T13:00:02Z
=974  \\$aagid:5878234
=983  \\$a2018-01-02
=984  \\$a2018-03-09

