=LDR  04393nab a2200685 u 4500
=001  9916209716507426
=005  20221122180018.0
=008  180102e201708\\xx\|||||o|||||||||||eng||
=016  7\$aIND605878297$2DNAL
=024  7\$a10.1111/gcb.13690$2doi
=035  \\$aagid:5878297-01nal_inst
=040  \\$aAGL$beng$cAGL
=100  1\$aFord, Kevin R.$eauthor$uUSDA Forest Service, Pacific Northwest Research Station, Olympia, WA, USA
=245  10$aPhotoperiod cues and patterns of genetic variation limit phenological responses to climate change in warm parts of species' range: Modeling diameter‐growth cessation in coast Douglas‐fir
=300  \\$ap. 3348-3362.
=500  \\$aJOURNAL ARTICLE
=520  \\$aThe phenology of diameter‐growth cessation in trees will likely play a key role in mediating species and ecosystem responses to climate change. A common expectation is that warming will delay cessation, but the environmental and genetic influences on this process are poorly understood. We modeled the effects of temperature, photoperiod, and seed‐source climate on diameter‐growth‐cessation timing in coast Douglas‐fir (an ecologically and economically vital tree) using high‐frequency growth measurements across broad environmental gradients for a range of genotypes from different seed sources. Our model suggests that cool temperatures or short photoperiods can induce cessation in autumn. At cool locations (high latitude and elevation), cessation seems to be induced primarily by low temperatures in early autumn (under relatively long photoperiods), so warming will likely delay cessation and extend the growing season. But at warm locations (low latitude or elevation), cessation seems to be induced primarily by short photoperiods later in autumn, so warming will likely lead to only slight extensions of the growing season, reflecting photoperiod limitations on phenological shifts. Trees from seed sources experiencing frequent frosts in autumn or early winter tended to cease growth earlier in the autumn, potentially as an adaptation to avoid frost. Thus, gene flow into populations in warm locations with little frost will likely have limited potential to delay mean cessation dates because these populations already cease growth relatively late. In addition, data from an abnormal heat wave suggested that very high temperatures during long photoperiods in early summer might also induce cessation. Climate change could make these conditions more common in warm locations, leading to much earlier cessation. Thus, photoperiod cues, patterns of genetic variation, and summer heat waves could limit the capacity of coast Douglas‐fir to extend its growing season in response to climate change in the warm parts of its range.
=592  \\$aPublisher supplied data
=593  \\$aPubAg article
=650  \3$aPseudotsuga menziesii
=650  \3$aautumn
=650  \3$aclimate
=650  \3$aclimate change
=650  \3$acoasts
=650  \3$aecosystems
=650  \3$afrost
=650  \3$agene flow
=650  \3$agenetic variation
=650  \3$agenotype
=650  \3$agrowing season
=650  \3$aheat
=650  \3$alatitude
=650  \3$amodels
=650  \3$aphenology
=650  \3$aphotoperiod
=650  \3$asummer
=650  \3$atemperature
=650  \3$atrees
=650  \3$awinter
=700  1\$aHarrington, Constance A.$eauthor$uUSDA Forest Service, Pacific Northwest Research Station, Olympia, WA, USA
=700  1\$aSt. Clair, J. Bradley$eauthor$uUSDA Forest Service, Pacific Northwest Research Station, Corvallis, OR, USA
=773  0\$tGlobal change biology.$g2017 Aug., v. 23, no. 8 p.3348-3362$dJohn Wiley & Sons, Ltd$wJournal:jnl57021$x1354-1013$7nnas
=787  1\$oislandora_article_repository
=787  1\$oproduct_pubag
=787  1\$o(Journal)jnl57021
=856  40$uhttp://dx.doi.org/10.1111/gcb.13690$3Available from publisher's site
=912  \\$aArticle
=914  \\$aJournal:jnl57021$b1354-1013$c23$d8$e3348
=914  \\$fGlobal change biology
=916  \\$aBatch:1908
=917  \\$aissued
=918  2\$aJohn Wiley & Sons, Inc$eprovider$5DNAL
=935  \\$aIND605878297$9ExL
=949  \\$a2018-03-09
=953  \\$a13541013_2017_23_8.xml
=961  \\$aUSDA/FS
=962  \\$aBatch:1908 reviewed on 2018-03-09T13:00:02Z
=974  \\$aagid:5878297
=983  \\$a2018-01-02
=984  \\$a2018-03-09

