=LDR  04456nab a2200577 u 4500
=001  9916209719007426
=005  20221122214250.0
=008  180102e201708\\xx\|||||o|||||||||||eng||
=016  7\$aIND605878281$2DNAL
=024  7\$a10.1111/gcb.13663$2doi
=035  \\$aagid:5878281-01nal_inst
=040  \\$aAGL$beng$cAGL
=100  1\$aBatllori, Enric$eauthor
=245  10$aPotential relocation of climatic environments suggests high rates of climate displacement within the North American protection network
=300  \\$ap. 3219-3230.
=500  \\$aJOURNAL ARTICLE
=520  \\$aOngoing climate change may undermine the effectiveness of protected area networks in preserving the set of biotic components and ecological processes they harbor, thereby jeopardizing their conservation capacity into the future. Metrics of climate change, particularly rates and spatial patterns of climatic alteration, can help assess potential threats. Here, we perform a continent‐wide climate change vulnerability assessment whereby we compare the baseline climate of the protected area network in North America (Canada, United States, México-NAM) to the projected end‐of‐century climate (2071-2100). We estimated the projected pace at which climatic conditions may redistribute across NAM (i.e., climate velocity), and identified future nearest climate analogs to quantify patterns of climate relocation within, among, and outside protected areas. Also, we interpret climatic relocation patterns in terms of associated land‐cover types. Our analysis suggests that the conservation capacity of the NAM protection network is likely to be severely compromised by a changing climate. The majority of protected areas (~80%) might be exposed to high rates of climate displacement that could promote important shifts in species abundance or distribution. A small fraction of protected areas (<10%) could be critical for future conservation plans, as they will host climates that represent analogs of conditions currently characterizing almost a fifth of the protected areas across NAM. However, the majority of nearest climatic analogs for protected areas are in nonprotected locations. Therefore, unprotected landscapes could pose additional threats, beyond climate forcing itself, as sensitive biota may have to migrate farther than what is prescribed by the climate velocity to reach a protected area destination. To mitigate future threats to the conservation capacity of the NAM protected area network, conservation plans will need to capitalize on opportunities provided by the existing availability of natural land‐cover types outside the current network of NAM protected areas.
=592  \\$aPublisher supplied data
=593  \\$aPubAg article
=650  \3$aclimate change
=650  \3$aclimatic factors
=650  \3$aconservation areas
=650  \3$aland cover
=650  \3$alandscapes
=650  \3$aradiative forcing
=650  \3$arisk assessment
=651  \3$aCanada
=651  \3$aUnited States
=700  1\$aParisien, Marc‐André$eauthor$uNorthern Forestry Centre, Canadian Forest Service, Natural Resources Canada, Edmonton, AB, Canada
=700  1\$aParks, Sean A.$eauthor$uAldo Leopold Wilderness Research Institute, Rocky Mountain Research Station, USDA Forest Service, Missoula, MT, USA
=700  1\$aMoritz, Max A.$eauthor$uDivision of Ecosystem Sciences, Department of Environmental Science, Policy, and Management, University of California, Berkeley, Berkeley, CA, USA
=700  1\$aMiller, Carol$eauthor$uAldo Leopold Wilderness Research Institute, Rocky Mountain Research Station, USDA Forest Service, Missoula, MT, USA
=773  0\$tGlobal change biology.$g2017 Aug., v. 23, no. 8 p.3219-3230$dJohn Wiley & Sons, Ltd$wJournal:jnl57021$x1354-1013$7nnas
=787  1\$oislandora_article_repository
=787  1\$oproduct_pubag
=787  1\$o(Journal)jnl57021
=856  40$uhttp://dx.doi.org/10.1111/gcb.13663$3Available from publisher's site
=912  \\$aArticle
=914  \\$aJournal:jnl57021$b1354-1013$c23$d8$e3219
=914  \\$fGlobal change biology
=916  \\$aBatch:1908
=917  \\$aissued
=918  2\$aJohn Wiley & Sons, Inc$eprovider$5DNAL
=935  \\$aIND605878281$9ExL
=949  \\$a2018-03-09
=953  \\$a13541013_2017_23_8.xml
=961  \\$aUSDA/FS
=962  \\$aBatch:1908 reviewed on 2018-03-09T13:00:02Z
=974  \\$aagid:5878281
=983  \\$a2018-01-02
=984  \\$a2018-03-09

