=LDR  03701nab a2200517 u 4500
=001  9916209833407426
=005  20221120053959.0
=008  180102e201704\\xx\|||||o|||||||||||eng||
=016  7\$aIND605878164$2DNAL
=024  7\$a10.1111/gcb.13478$2doi
=035  \\$aagid:5878164-01nal_inst
=040  \\$aAGL$beng$cAGL
=100  1\$aRalston, Joel$eauthor
=245  10$aPopulation trends influence species ability to track climate change
=300  \\$ap. 1390-1399.
=500  \\$aJOURNAL ARTICLE
=520  \\$aShifts of distributions have been attributed to species tracking their fundamental climate niches through space. However, several studies have now demonstrated that niche tracking is imperfect, that species' climate niches may vary with population trends, and that geographic distributions may lag behind rapid climate change. These reports of imperfect niche tracking imply shifts in species' realized climate niches. We argue that quantifying climate niche shifts and analyzing them for a suite of species reveal general patterns of niche shifts and the factors affecting species' ability to track climate change. We analyzed changes in realized climate niche between 1984 and 2012 for 46 species of North American birds in relation to population trends in an effort to determine whether species differ in the ability to track climate change and whether differences in niche tracking are related to population trends. We found that increasingly abundant species tended to show greater levels of niche expansion (climate space occupied in 2012 but not in 1980) compared to declining species. Declining species had significantly greater niche unfilling (climate space occupied in 1980 but not in 2012) compared to increasing species due to an inability to colonize new sites beyond their range peripheries after climate had changed at sites of occurrence. Increasing species, conversely, were better able to colonize new sites and therefore showed very little niche unfilling. Our results indicate that species with increasing trends are better able to geographically track climate change compared to declining species, which exhibited lags relative to changes in climate. These findings have important implications for understanding past changes in distribution, as well as modeling dynamic species distributions in the face of climate change.
=592  \\$aPublisher supplied data
=593  \\$aPubAg article
=650  \3$abirds
=650  \3$aclimate
=650  \3$aclimate change
=650  \3$ageographical distribution
=650  \3$aniches
=700  1\$aDeLuca, William V.$eauthor$uDepartment of Environmental Conservation, University of Massachusetts, 160 Holdsworth Hall, Amherst, MA, 01003, USA
=700  1\$aFeldman, Richard E.$eauthor
=700  1\$aKing, David I.$eauthor$uNorthern Research Station, USDA Forest Service, 201 Holdsworth Hall, Amherst, MA, 01003, USA
=773  0\$tGlobal change biology.$g2017 Apr., v. 23, no. 4 p.1390-1399$dJohn Wiley & Sons, Ltd$wJournal:jnl57021$x1354-1013$7nnas
=787  1\$oislandora_article_repository
=787  1\$oproduct_pubag
=787  1\$o(Journal)jnl57021
=856  40$uhttp://dx.doi.org/10.1111/gcb.13478$3Available from publisher's site
=912  \\$aArticle
=914  \\$aJournal:jnl57021$b1354-1013$c23$d4$e1390
=914  \\$fGlobal change biology
=916  \\$aBatch:1908
=917  \\$aissued
=918  2\$aJohn Wiley & Sons, Inc$eprovider$5DNAL
=935  \\$aIND605878164$9ExL
=949  \\$a2018-03-09
=953  \\$a13541013_2017_23_4.xml
=961  \\$aUSDA/FS
=962  \\$aBatch:1908 reviewed on 2018-03-09T13:00:02Z
=974  \\$aagid:5878164
=983  \\$a2018-01-02
=984  \\$a2018-03-09

