=LDR  05123nab a2200877 u 4500
=001  9916211468507426
=005  20221215142819.0
=008  190403e201604\\xx\|||||o|||||||||||eng||
=016  7\$aIND605262824$2DNAL
=024  7\$a10.1016/j.agwat.2016.02.005$2chorus
=024  7\$a10.1016/j.agwat.2016.02.005$2doi
=024  7\$a10.1016/j.agwat.2016.02.005$2chorusOpen
=035  \\$aagid:5262824-01nal_inst
=040  \\$aAGL$beng$cAGL
=100  1\$aParajuli, P.B.$eauthor$uDepartment of Agricultural and Biological Engineering, Mississippi State University, USA
=245  10$aAssessing the impacts of climate change and tillage practices on stream flow, crop and sediment yields from the Mississippi River Basin
=300  \\$ap. 112-124.
=506  \\$aResource is Open Access$uhttp://purl.org/eprint/accessRights/OpenAccess
=506  \\$aCHORUS License Information
=520  \\$aThis study evaluated climate change impacts on stream flow, crop and sediment yields from three different tillage systems (conventional, reduced 1-close to conservation, and reduced 2-close to no-till), in the Big Sunflower River Watershed (BSRW) in Mississippi. The Soil and Water Assessment Tool (SWAT) model was applied to the BSRW using observed stream flow and crop yields data. The model was calibrated and validated successfully using monthly stream flow data (2001-2011).The model performances showed the regression coefficient (R2) from 0.72 to 0.82 and Nash-Sutcliffe efficiency index (NSE) from 0.70 to 0.81 for streamflow; R2 from 0.40 to 0.50 and NSE from 0.72 to 0.86 for corn yields; and R2 from 0.43 to 0.59 and NSE from 0.48 to 0.57 for soybeans yields. The Long Ashton Research Station Weather Generator (LARS-WG), was used to generate future climate scenarios. The SRES (Special Report on Emissions Scenarios) A1B, A2, and B1 climate change scenarios of the Intergovernmental Panel on Climate Change (IPCC) were simulated for the mid (2046-2065) and late (2080-2099) century. Model outputs showed slight differences among tillage practices for corn and soybean yields. However, model simulated sediment yield results indicated a large difference among the tillage practices from the corn and soybean crop fields. The simulated future average maximum temperature showed as high as 4.8°C increase in the BSRW. Monthly precipitation patterns will remain un-changed based on simulated future climate scenarios except for an increase in the frequency of extreme rainfall events occurring in the watershed. On average, the effect of climate change and tillage practice together did not show notable changes to the future crop yields. The reduced tillage 2 practices showed the highest responses of erosion control to climate change followed by the reduced tillage 1 and conventional tillage in this study.
=592  \\$aPublisher supplied data
=593  \\$aPubAg article
=596  \\$cNational Institute of Food and Agriculture$dhttps://doi.org/10.13039/100005825
=506  0\$fUnrestricted online access$2star
=650  \3$aSoil and Water Assessment Tool model
=650  \3$aclimate
=650  \3$aclimate change
=650  \3$aclimate models
=650  \3$aconventional tillage
=650  \3$acorn
=650  \3$acrop yield
=650  \3$aemissions
=650  \3$aerosion control
=650  \3$ano-tillage
=650  \3$arain
=650  \3$areduced tillage
=650  \3$aregression analysis
=650  \3$arivers
=650  \3$asediment yield
=650  \3$asediments
=650  \3$asoybeans
=650  \3$astream flow
=650  \3$atemperature
=650  \3$awatersheds
=651  \3$aMississippi
=653  \0$aClimate change
=653  \0$aModeling
=653  \0$aTillage practices
=653  \0$aStream flow
=653  \0$aCrop yield
=700  1\$aJayakody, P.$eauthor$uDepartment of Agricultural and Biological Engineering, Mississippi State University, USA
=700  1\$aSassenrath, G.F.$eauthor$uKansas State University, USA
=700  1\$aOuyang, Y.$eauthor$uUSDA Forest Service, USA
=773  0\$tAgricultural water management.$g2016 Apr., v. 168 p.112-124$dElsevier B.V.$aElsevier B.V.$wJournal:jnl8460$x0378-3774$7nnas
=787  1\$oislandora_article_repository
=787  1\$oproduct_pubag
=787  1\$o(Journal)jnl8460
=856  40$uhttps://dx.doi.org/10.1016/j.agwat.2016.02.005$3Available from publisher's site
=856  40$uhttp://handle.nal.usda.gov/10113/5262824
=912  \\$aArticle
=914  \\$aJournal:jnl8460$b0378-3774$c168$e112
=914  \\$fAgricultural water management
=916  \\$aBatch:1446
=917  \\$aissued
=918  2\$aElsevier Consyn$eprovider$5DNAL
=935  \\$aIND605262824$9ExL
=949  \\$a2020-03-06
=953  \\$a/data/metadata/incoming/consyn-backfiles/46-2-00066-HEAD-ONLY.zip
=954  \\$afile:/data/metadata/staging/consyn-backfiles/S0378377416300427.xml
=955  \\$a/data/metadata/staging/consyn-backfiles/
=961  \\$aUSDA/FSUSDA
=962  \\$aUSDA Scientist Submission; eISSN 1873-2283
=962  \\$aMissing ISSN
=974  \\$aagid:5262824
=983  \\$a2019-04-03
=984  \\$a2022-09-02

