=LDR  04656nab a2200745 u 4500
=001  9916213324007426
=005  20221117193109.0
=008  220922e20220916xx\|||||o|||||||||||eng||
=016  7\$aIND607940684$2DNAL
=024  7\$a10.3390/agronomy12092201$2doi
=035  \\$aagid:7940684-01nal_inst
=040  \\$aAGL$beng$cAGL
=100  1\$aPinheiro de Carvalho, Miguel Â. A.$eauthor
=245  10$aAnticipating the Climate Change Impacts on Madeira's Agriculture: The Characterization and Monitoring of a Vine Agrosystem
=520  \\$aClimate-Madeira Strategy (CMS) foresees two models to describe the climate scenarios for the Madeira region in 2050 and 2070. These scenarios anticipate an average temperature rise of 1.4 to 3.7 °C and a decrease in precipitation by 30 to 40%. Consequently, Madeira's agriculture will suffer the impacts of climate change. To understand these impacts, a baseline of major agrosystem components needs to be established, with the ultimate goal to monitor its consequences in its functioning. CASBio project used the 1961-1991 and 2010-2020 meteorological data series to modulate climate conditions and characterize and monitor six agrosystems for 2 years. One of them was a vineyard, Quinta das Vinhas, representing a typical agrosystem in the Mediterranean climate. The annual and seasonal variation in climatic parameters, soil conditions, microbiological communities, floristic and insect diversity, and crop production was assessed, using a total of 50 parameters. The results were used to establish a baseline of the agrosystem components and their seasonal and annual variation. The major findings are: (i) winter and summer extreme events show a trend in temperature and precipitation supporting a fast change in climate; (ii) a critical imbalance between nitrogen-fixing and denitrifying bacteria was identified, especially in summer, that could be determined by the rise in temperature and drought; (iii) among floristic diversity, the therophytes and geophytes confirm to be the most suitable indicators for the rise in temperature and reduction in precipitation in the agrosystems; (iv) an imbalance in favor of C. capitata plague was observed, associated with the summer rise in temperature and decrease in precipitation; (v) despite an increase in most of the grape varieties production, the Madeiran wine local varieties were shown to be less stable in productivity under observed climate conditions. The agrosystem baseline is a starting point for long-term monitoring and allows for further quantifying the influence of climate change on agrosystem productivity, resilience, and sustainability.
=592  \\$aPublisher supplied data
=593  \\$aPubAg article
=650  \3$aMediterranean climate
=650  \3$aagronomy
=650  \3$aclimate change
=650  \3$acrop production
=650  \3$adenitrification
=650  \3$adrought
=650  \3$ageophytes
=650  \3$agrapes
=650  \3$ainsects
=650  \3$ameteorological data
=650  \3$anitrogen fixation
=650  \3$aplague
=650  \3$aseasonal variation
=650  \3$asoil
=650  \3$asummer
=650  \3$atemperature
=650  \3$avines
=650  \3$avineyards
=650  \3$awines
=650  \3$awinter
=700  1\$aRagonezi, Carla $eauthor$uISOPlexis Centre Sustainable Agriculture and Food Technology, University of Madeira, Campus da Penteada, 9020-105 Funchal, Portugal
=700  1\$aOliveira, Maria Cristina O.$eauthor
=700  1\$aReis, Fábio $eauthor
=700  1\$aMacedo, Fabrício Lopes$eauthor
=700  1\$ade Freitas, José G. R.$eauthor
=700  1\$aNóbrega, Humberto $eauthor
=700  1\$aGanança, José Filipe T.$eauthor
=773  0\$tAgronomy.$g2022 Sept. 16, v. 12, no. 9$dMultidisciplinary Digital Publishing Institute$wJournal:12361$x2073-4395$7nnas
=787  1\$oislandora_article_repository
=787  1\$oproduct_pubag
=787  1\$o(Journal)12361
=856  40$uhttps://dx.doi.org/10.3390/agronomy12092201$3Available from publisher's site
=912  \\$aArticle
=914  \\$aJournal:12361$b2073-4395$c12$d9
=914  \\$fAgronomy
=916  \\$aBatch:10270
=917  \\$aissued
=918  2\$aMultidisciplinary Digital Publishing Institute$eprovider$5DNAL
=935  \\$aIND607940684$9ExL
=949  \\$a2022-09-22
=952  \\$dNAL-AP-2-clean
=953  \\$a/data/metadata/incoming/mdpinstitute/agronomy-12-09.xml
=954  \\$afile:/data/metadata/staging/mdpinstitute/agronomy-12-09.xml
=955  \\$a/data/metadata/staging/mdpinstitute/
=961  \\$aUSDA/DA
=974  \\$aagid:7940684
=983  \\$a2022-09-22
=984  \\$a2022-09-22

