=LDR  04387nab a2200637 u 4500
=001  9916214614607426
=005  20221117211213.0
=008  210929e20200415xx\|||||o|||||||||||eng||
=016  7\$aIND607520076$2DNAL
=024  7\$a10.17660/ActaHortic.2020.1276.7$2doi
=035  \\$aagid:7520076-01nal_inst
=040  \\$aAGL$beng$cAGL
=100  1\$aSouthey, T. O.$eauthor$uDepartment of Viticulture and Oenology, University of Stellenbosch, Private Bag X1, Matieland (Stellenbosch) 7602, South Africa
=245  10$aAssessing the grapevine and environmental interactions: integrating weather and thermal satellite data in the context of climate change, South Africa
=300  \\$ap. 49-56.
=500  \\$aPaper presented at the XXX International Horticultural Congress IHC2018: International Symposium on Viticulture: Primary Production and Processing held August 12-16, 2018 Istanbul, Turkey
=520  \\$aIn the context of climate change and the complex terrain of the Western Cape, increased resolution of climate data is crucial for effective terroir zoning and adaptive strategies. Reliable climate data can be costly, and currently requires intensive data validation; hence the study aimed to find an alternative resource to quantify the climate over the spatial extent of the Western Cape, for possible semi-real time applications. This study focused on integrating climate and thermal satellite remote sensing data to assess the reaction of the grapevine to a changing environment. Sites were selected over a geographical climatic band; multiple factor analysis was used to evaluate the interaction of weather, specifically temperature, relative humidity and wind speed with grapevine phenology. The aims of the study were to quantify climate change and seasonal variability in the Western Cape with the best station network possible within the limits of the spatial and temporal resolution availability. The satellite land surface temperature and weather station data exhibited a significant linear relationship with a good prediction accuracy. Simple statistical models where employed, with robust resampling techniques achieving a high accuracy in the complex terrain of the Western Cape. Land surface temperature maps are intrinsically spatialised, providing daily temperature values that in the past would have only been possible by spatial interpolation of sparse weather station networks, which could only be as accurate as the input data. This study has provided insights into grapevine and environmental interactions being driven by seasonal variability within the climate shifts in the Western Cape. Grapevine responses such as flowering date were driven most prominently by climate, specifically the summer months of the previous harvest, emphasising the need and the potential use of thermal satellite products to supplement weather station networks.
=593  \\$aPubAg article
=593  \\$dKeyed article
=595  \\$a808$balice.allen$c2021-10-14$damanda.xu$e2021-10-15
=650  \3$aVitis
=650  \3$aclimate
=650  \3$aclimate change
=650  \3$afactor analysis
=650  \3$alandscapes
=650  \3$ameteorological data
=650  \3$aphenology
=650  \3$aprediction
=650  \3$arelative humidity
=650  \3$aremote sensing
=650  \3$asatellites
=650  \3$aseasonal variation
=650  \3$asummer
=650  \3$asurface temperature
=650  \3$awind speed
=651  \3$aSouth Africa
=700  1\$aStrever, A. E.$eauthor$uDepartment of Viticulture and Oenology, University of Stellenbosch, Private Bag X1, Matieland (Stellenbosch) 7602, South Africa
=773  0\$tActa horticulturae.$g2020 Apr. 15, , no. 1276 p.49-56$dInternational Society for Horticultural Science.$wJournal:jnl46289$x0567-7572$7nnas
=787  1\$oislandora_article_repository
=787  1\$oproduct_pubag
=787  1\$o(Journal)jnl46289
=856  40$uhttp://dx.doi.org/10.17660/ActaHortic.2020.1276.7
=856  40$uhttp://handle.nal.usda.gov/10113/7520076
=912  \\$aArticle
=914  \\$aJournal:jnl46289
=914  \\$fActa horticulturae
=916  \\$aBatch:10200
=917  \\$aissued
=935  \\$aIND607520076$9ExL
=949  \\$a2022-02-22
=952  \\$dNAL-AP-2-clean
=961  \\$aUSDA
=962  \\$aUSDA Scientist Submission; eISSN 2406-6168
=974  \\$aagid:7520076
=983  \\$a2021-09-29
=984  \\$a2022-02-17

