=LDR  04836nab a2200817 u 4500
=001  9916216780707426
=005  20221122185216.0
=008  161027e201512\\xx\|||||o|||||||||||eng||
=016  7\$aIND605476131$2DNAL
=024  7\$a10.1016/j.wace.2015.06.001$2doi
=035  \\$aagid:5476131-01nal_inst
=040  \\$aAGL$beng$cAGL
=100  1\$aSharratt, B.S.$eauthor$uUSDA-ARS, 215 Johnson Hall, WSU, Pullman, WA 99164, USA
=245  10$aImplications of climate change on wind erosion of agricultural lands in the Columbia plateau
=300  \\$ap. 20-31.
=520  \\$aClimate change may impact soil health and productivity as a result of accelerated or decelerated rates of erosion. Previous studies suggest a greater risk of wind erosion on arid and semi-arid lands due to loss of biomass under a future warmer climate. There have been no studies conducted to assess the impact of climate change on wind erosion in the Columbia Plateau of the Pacific Northwest United States where wind erosion of agricultural lands can cause exceedance of national air quality standards. The Wind Erosion Prediction System (WEPS) was used to assess wind erosion and PM10 (particulate matter ≤10µm in aerodynamic diameter) emissions under a future climate projected by downscaling 18 Global Climate Models (GCM) for a conservative emissions pathway. Wind erosion simulations were conducted at Lacrosse and Lind, WA and Moro, OR on a winter wheat-summer fallow (WW-SF) rotation and at Lind on an additional winter wheat-camelina-summer fallow (WW-Cam-SF) rotation. Each rotation was subject to conservation or conventional tillage practices for a baseline (1970-1999) and mid-21st century climate (2035-2064). A significant increase in temperature and nominal increases in precipitation were projected by an ensemble of climate models for the Columbia Plateau by the mid-21st century. Soil and PM10 losses were 25-84% lower for a mid-21st century climate, due in part to greater biomass production associated with CO2 fertilization and warmer temperatures. The reduction in soil and PM10 loss is projected to be more apparent for conservation tillage practices in the future. Soil and PM10 losses were greater from a WW-Cam-SF rotation than WW-SF rotation when conservation tillage practices were employed during the fallow phase of the rotations. Despite accounting for differences in the length of each rotation, annual soil and PM10 losses remained higher for the WW-Cam-SF rotation than the WW-SF rotation. Soil and PM10 losses were more variable across years during 1970-1999 than 2035-2064; however, small and inconsistent differences in the coefficient of variation in soil loss between 1970-1999 and 2035-2064 suggest similarity in climate extremes which govern wind erosion.
=592  \\$aPublisher supplied data
=593  \\$aPubAg article
=650  \3$aagricultural land
=650  \3$aair quality
=650  \3$aarid lands
=650  \3$abiomass production
=650  \3$acarbon dioxide
=650  \3$aclimate
=650  \3$aclimate change
=650  \3$aclimate models
=650  \3$aconservation tillage
=650  \3$aconventional tillage
=650  \3$aemissions
=650  \3$afallow
=650  \3$aparticulates
=650  \3$aplateaus
=650  \3$aprediction
=650  \3$arisk
=650  \3$asoil
=650  \3$asoil quality
=650  \3$atemperature
=650  \3$aweather
=650  \3$awind erosion
=650  \3$awinter
=651  \3$aOregon
=651  \3$aWashington (state)
=653  \0$aAir quality
=653  \0$aClimate change
=653  \0$aPM10
=653  \0$aSoil conservation
=653  \0$aWheat
=653  \0$aWind erosion
=700  1\$aTatarko, J.$eauthor$uUSDA-ARS, 2150 Centre Ave., Ft. Collins, CO 80526, USA
=700  1\$aAbatzoglou, J.T.$eauthor$uUniversity of Idaho, McClure Hall, Moscow, ID 83844, USA
=700  1\$aFox, F.A.$eauthor$uUSDA-ARS, 2150 Centre Ave., Ft. Collins, CO 80526, USA
=700  1\$aHuggins, D.$eauthor$uUSDA-ARS, 215 Johnson Hall, WSU, Pullman, WA 99164, USA
=773  0\$tWeather and Climate Extremes.$g2015 Dec., v. 10 p.20-31$dElsevier B.V.$x2212-0947$7nnas
=787  1\$oislandora_article_repository
=787  1\$oproduct_pubag
=787  1\$o(Journal)23331
=856  40$uhttp://dx.doi.org/10.1016/j.wace.2015.06.001$3Available from publisher's site
=912  \\$aArticle
=914  \\$aJournal:23331$b2212-0947$c10$e20
=914  \\$fWeather and Climate Extremes
=916  \\$aBatch:1991
=917  \\$aissued
=918  2\$aElsevier Consyn$eprovider$5DNAL
=935  \\$aIND605476131$9ExL
=949  \\$a2018-06-20
=953  \\$aconsyn99-2-00056-HEAD-ONLY.ZIP
=961  \\$aUSDA/ARS
=962  \\$aBatch:1991 reviewed on 2018-06-20T04:00:03Z
=974  \\$aagid:5476131
=983  \\$a2016-10-27
=984  \\$a2018-06-20

