=LDR  05630nab a2200829 u 4500
=001  9916216781107426
=005  20221122185211.0
=008  161027e201512\\xx\|||||o|||||||||||eng||
=016  7\$aIND605476132$2DNAL
=024  7\$a10.1016/j.wace.2015.06.002$2doi
=035  \\$aagid:5476132-01nal_inst
=040  \\$aAGL$beng$cAGL
=100  1\$aGarbrecht, Jurgen D.$eauthor$uResearch Hydraulic Engineer, USDA, Agricultural Research Service, Grazinglands Research Laboratory, 7207 West Cheyenne Street, El Reno, OK, United States
=245  10$aCan conservation trump impacts of climate change on soil erosion? An assessment from winter wheat cropland in the Southern Great Plains of the United States
=300  \\$ap. 32-39.
=520  \\$aWith the need to increase crop production to meet the needs of a growing population, protecting the productivity of our soil resource is essential. However, conservationists are concerned that conservation practices that were effective in the past may no longer be effective in the future under projected climate change. In winter wheat cropland in the Southern Great Plains of the U.S., increased precipitation intensity and increased aridity associated with warmer temperatures may pose increased risks of soil erosion from vulnerable soils and landscapes. This investigation was undertaken to determine which conservation practices would be necessary and sufficient to hold annual soil erosion by water under a high greenhouse gas emission scenario at or below the present soil erosion levels. Advances in and benefits of agricultural soil and water conservation over the last century in the United States are briefly reviewed, and challenges and climate uncertainties confronting resource conservation in this century are addressed. The Water Erosion Prediction Project (WEPP) computer model was used to estimate future soil erosion by water from winter wheat cropland in Central Oklahoma and for 10 projected climates and 7 alternative conservation practices. A comparison with soil erosion values under current climate conditions and conventional tillage operations showed that, on average, a switch from conventional to conservation tillage would be sufficient to offset the average increase in soil erosion by water under most projected climates. More effective conservation practices, such as conservation tillage with a summer cover crop would be required to control soil erosion associated with the most severe climate projections. It was concluded that a broad range of conservation tools are available to agriculture to offset projected future increases in soil erosion by water even under assumed worst case climate change scenarios in Central Oklahoma. The problem is not one of a lack of effective conservation tools, but one of adoption and implementation. Increasing the implementation of today's conservation programs to address current soil erosion problems associated with the large year-to-year climate variability in the Southern Great Plains would greatly contribute towards mitigation of projected future increases in soil erosion due to climate change.
=592  \\$aPublisher supplied data
=593  \\$aPubAg article
=650  \3$aTriticum aestivum
=650  \3$aWater Erosion Prediction Project
=650  \3$aagricultural soils
=650  \3$aclimate
=650  \3$aclimate change
=650  \3$acomputer simulation
=650  \3$aconservation practices
=650  \3$aconservation programs
=650  \3$aconservation tillage
=650  \3$aconventional tillage
=650  \3$acover crops
=650  \3$acrop production
=650  \3$acropland
=650  \3$adry environmental conditions
=650  \3$agreenhouse gas emissions
=650  \3$alandscapes
=650  \3$arisk
=650  \3$asoil erosion
=650  \3$asummer
=650  \3$atemperature
=650  \3$auncertainty
=650  \3$awater conservation
=650  \3$awinter wheat
=651  \3$aGreat Plains region
=651  \3$aOklahoma
=653  \0$aSoil erosion
=653  \0$aConservation
=653  \0$aClimate change
=653  \0$aClimate projection
=653  \0$aSoil productivity
=653  \0$aTillage
=700  1\$aNearing, Mark A.$eauthor$uResearch Agricultural Engineer, USDA, Agricultural Research Service, Southwest Watershed Research, Tucson, AZ, United States
=700  1\$aSteiner, Jean L.$eauthor$uSupervisory Soil Scientist/Laboratory Director, USDA, Agricultural Research Service, Grazinglands Research Laboratory, El Reno, OK, United States
=700  1\$aZhang, Xunchang J.$eauthor$uResearch Hydrologist, USDA, Agricultural Research Service, Grazinglands Research Laboratory, El Reno, OK, United States
=700  1\$aNichols, Mary H.$eauthor$uResearch Hydraulic Engineer, USDA, Agricultural Research Service, Southwest Watershed Research, Tucson, AZ, United States
=773  0\$tWeather and Climate Extremes.$g2015 Dec., v. 10 p.32-39$dElsevier B.V.$x2212-0947$7nnas
=787  1\$oislandora_article_repository
=787  1\$oproduct_pubag
=787  1\$o(Journal)23331
=856  40$uhttp://dx.doi.org/10.1016/j.wace.2015.06.002$3Available from publisher's site
=912  \\$aArticle
=914  \\$aJournal:23331$b2212-0947$c10$e32
=914  \\$fWeather and Climate Extremes
=916  \\$aBatch:1991
=917  \\$aissued
=918  2\$aElsevier Consyn$eprovider$5DNAL
=935  \\$aIND605476132$9ExL
=949  \\$a2018-06-20
=953  \\$aconsyn99-2-00056-HEAD-ONLY.ZIP
=961  \\$aUSDA/ARS
=962  \\$aBatch:1991 reviewed on 2018-06-20T04:00:03Z
=974  \\$aagid:5476132
=983  \\$a2016-10-27
=984  \\$a2018-06-20

