=LDR  04956nab a2200781 u 4500
=001  9916216788707426
=005  20221215142358.0
=008  161027s2014\\\\xx\|||||o|||||||||||eng||
=016  7\$aIND605476170$2DNAL
=024  7\$a10.1016/j.crm.2014.08.001$2chorus
=024  7\$a10.1016/j.crm.2014.08.001$2doi
=024  7\$a10.1016/j.crm.2014.08.001$2chorusOpen
=035  \\$aagid:5476170-01nal_inst
=040  \\$aAGL$beng$cAGL
=100  1\$aLemos, Maria Carmen$eauthor$uUniversity of Michigan, 2504 Dana, 440 Church St., Ann Arbor, MI 48109-1041, United States
=245  10$aCrop advisors as climate information brokers: Building the capacity of US farmers to adapt to climate change
=300  \\$ap. 32-42.
=506  \\$aResource is Open Access$uhttp://purl.org/eprint/accessRights/OpenAccess
=506  \\$aCHORUS License Information
=520  \\$aThis paper examines the role of crop advisors as brokers of climate information to support US corn farmers to adapt to climatic change. It uses quantitative data collected from a broad survey of crop advisors in the US Corn Belt to examine the factors that shape advisors' use of (and willingness to provide) climate information to their clients. Building upon a general model of climate information usability we argue that advisors' willingness to provide climate advice to farmers is influenced by three main factors: their information seeking habits and behavior, their experience with innovation in the past, and how climate information interplays with other kinds of information that they provide-especially agronomic advice. We find that advisors' willingness to provide climate related information depends both on factors at the individual and organizational level and on the type of advice they provide. First, at the individual and organizational levels, advisors who work in supportive organizations and who collaborate with other advisors are more likely to provide climate information. Second, advisors are more likely to provide climate information if it does not interfere with their main profit making business (e.g. provision of agronomic advice). Third, there is a significant positive relationship between trust in a greater number or sources of information and use of climate information. Fourth, the way advisors perceive short- and long-term risk also influences their willingness to provide climate information; the more concerned they are about long-term climate-related risks to farming, the more likely they are to provide (or want to provide) advice based on climate information. Differently from other empirical work in the literature, our analytical model suggests that neither negative experiences with climate information in the past nor the high level of uncertainty characteristic of climate information appear to influence advisors willingness to provide climate information in the future.
=592  \\$aPublisher supplied data
=593  \\$aPubAg article
=596  \\$cNational Institute of Food and Agriculture$dhttps://doi.org/10.13039/100005825
=506  0\$fUnrestricted online access$2star
=650  \3$abusiness enterprises
=650  \3$aclimate
=650  \3$aclimate change
=650  \3$acorn
=650  \3$adata collection
=650  \3$afarmers
=650  \3$ainformation dissemination
=650  \3$amodels
=650  \3$arisk
=650  \3$arisk management
=650  \3$asurveys
=650  \3$auncertainty
=651  \3$aCorn Belt region
=651  \3$aUnited States
=653  \0$aClimate information
=653  \0$aCrop advisors
=653  \0$aClimate adaptation
=653  \0$aUS Corn Belt
=653  \0$aFarmers
=653  \0$aInformation use
=700  1\$aLo, Yun-Jia$eauthor$uUniversity of Michigan, 2504 Dana, 440 Church St., Ann Arbor, MI 48109-1041, United States
=700  1\$aKirchhoff, Christine$eauthor$uUniversity of Connecticut, 261 Glenbrook Road, Unit 3037, Storrs, CT 06269-3037, United States
=700  1\$aHaigh, Tonya$eauthor$uUniversity of Nebraska, Lincoln, 810 Hardin Hall, 3310 Holdrege Street, Lincoln, NE 68583-0988, United States
=773  0\$tClimate risk management.$g2014, v. 4-5 p.32-42$dElsevier B.V.$wJournal:23250$x2212-0963$7nnas
=787  1\$oislandora_article_repository
=787  1\$oproduct_pubag
=787  1\$o(Journal)23250
=856  40$uhttps://dx.doi.org/10.1016/j.crm.2014.08.001$3Available from publisher's site
=856  40$uhttp://handle.nal.usda.gov/10113/5476170
=912  \\$aArticle
=914  \\$aJournal:23250$b2212-0963$c4-5$e32
=914  \\$fClimate risk management
=916  \\$aBatch:1722
=917  \\$aissued
=918  2\$aElsevier Consyn$eprovider$5DNAL
=935  \\$aIND605476170$9ExL
=949  \\$a2020-03-06
=953  \\$aconsyn99-2-00056-HEAD-ONLY.ZIP
=961  \\$aUSDA
=962  \\$aUSDA Scientist Submission; eISSN 2212-0963
=962  \\$aMissing ISSN
=974  \\$aagid:5476170
=983  \\$a2016-10-27
=984  \\$a2022-09-06

