=LDR  04022nab a2200613 u 4500
=001  9916217070807426
=005  20221121104909.0
=008  100921e201007\\xx\|||||o|||||||||||eng||
=016  7\$aIND44427042$2DNAL
=024  7\$a10113/49241$2hdl
=035  \\$aagid:49241-01nal_inst
=040  \\$aAGL$beng$cAGL
=072  \0$aF200
=072  \0$aF300
=072  \0$aP120
=100  1\$aJaradat, Abdullah A.
=245  10$aGenetic resources of energy crops: Biological systems to combat climate change
=300  \\$ap. 309-323.
=500  \\$aIncludes references
=520  \\$aBioenergy crop plants that function as solar energy collectors and thermo-chemical energy storage systems are the basis for biological systems that are expected to contribute to renewable energy production, help stabilize the rising levels of green house gases (GHG), and mitigate the risk of global climate change (GCC). Wide genetic resource bases, especially of wild and semidomesticated perennial grasses and woody species of starch-, oil, and lingocellulose-producing plants, are available to select, breed, genetically-modify, and develop environmentally-friendly bioenergy crops. Plant species, with fast growth, tolerance to biotic and abiotic stresses, and low requirements for biological, chemical or physical pretreatments, are being evaluated as potential bioenergy crops. Currently, bioenergy systems based on traditional sources and first generation bioenergy crops, are not sustainable and their exploitation may contribute to environmental degradation. New genetic resources and technological breakthroughs are being employed to develop dedicated bioenergy crops (DECs) with better GHG profiles and with a suite of eco-physiological traits to maximize radiation interception, water- (WUE) and nutrient-use efficiencies (NUE), improved lingocellulosic accessibility to enzymatic degradation, and to confer environmental sustainability. Large-scale bioenergy crop plantations pose both opportunities and challenges, and will inevitably compete with food crops for land, water, nutrient resources and other inputs; whereas, biodiversity consequences of increased biofuel production will most likely result in habitat loss, increased and enhanced dispersion of invasive species, and pollution. Recent genetic modifications and breeding efforts of bioenergy crops aim at improving biomass yield, quality, and conversion efficiency. Improvements in composition and structure of bio-chemicals in bioenergy crops will enable the production of more energy per ton of biomass and will improve its caloric value, GHG profile, and GCC mitigation potential.
=593  \\$aPubAg article
=593  \\$cUSDA submission
=650  \3$aenergy crops
=650  \3$arenewable energy sources
=650  \3$agenetic resources
=650  \3$agenetic improvement
=650  \3$aclimate change
=650  \3$abiomass production
=650  \3$aplant breeding
=650  \3$agenetic transformation
=650  \3$aenvironmental impact
=653  \0$aliterature reviews
=773  0\$tAustralian journal of crop science.$g2010 July, v.  4, no.  5 p.309-323$x1835-2707$7nnas
=787  1\$oproduct_pubag
=787  1\$oislandora_article_repository
=787  1\$oislandora_pubag_with_text
=787  1\$o(Journal)jnl4247226
=852  \\$aDNAL
=856  40$uhttps://handle.nal.usda.gov/10113/49241$3Available in the National Agricultural Library PubAg search system
=912  \\$aArticle
=914  \\$aJournal:jnl4247226$b1835-2707$c4$d5$e309
=914  \\$fAustralian journal of crop science
=917  \\$aissued
=930  \\$a20110714$b20110805$c00000000
=935  \\$aIND44427042$9ExL
=945  \\$aIND$dRSC$e2011/07/14
=946  \\$aNon-US
=949  \\$a2014-07-17
=952  \\$a20110714 20110805 00000000$bIND RSC 2011/07/14
=961  \\$aUSDA/ARS
=974  \\$aagid:49241
=984  \\$a2012-06-07
=985  \\$aConverted from MARCXML to MODS version 3.4 using MARC21slim2MODS3-4.xsl (Revision 1.95 2014/04/23)
=986  \\$a4427042

