=LDR  04939nab a2200901 u 4500
=001  9916217076107426
=005  20221121104912.0
=008  200226e20110101xx\|||||o|||||||||||eng||
=016  7\$aIND44572719$2DNAL
=024  7\$a10113/49300$2hdl
=024  7\$a10.3920/WMJ2010.1246$2doi
=035  \\$aagid:49300-01nal_inst
=040  \\$aAGL$beng$cAGL
=100  1\$aWu, F.$eauthor$uDepartment of Environmental and Occupational Health, University of Pittsburgh, 100 Technology Dr., Pittsburgh, PA 15219, USA
=245  10$aClimate change impacts on mycotoxin risks in US maize
=300  \\$ap. 79-93.
=520  \\$aTo ensure future food security, it is crucial to understand how potential climate change scenarios will affect agriculture. One key area of interest is how climatic factors, both in the near- and the long-term future, could affect fungal infection of crops and mycotoxin production by these fungi. The objective of this paper is to review the potential impact of climate change on three important mycotoxins that contaminate maize in the United States, and to highlight key research questions and approaches for understanding this impact. Recent climate change analyses that pertain to agriculture and in particular to mycotoxigenic fungi are discussed, with respect to the climatic factors - temperature and relative humidity - at which they thrive and cause severe damage. Additionally, we discuss how climate change will likely alter the life cycles and geographic distribution of insects that are known to facilitate fungal infection of crops.
=592  \\$aPublisher supplied data
=593  \\$aPubAg article
=593  \\$cUSDA submission
=650  \3$ainsect vectors
=650  \3$afood security
=650  \3$aplant pathogenic fungi
=650  \3$aagriculture
=650  \3$apostharvest diseases
=650  \3$apostharvest losses
=650  \3$aambient temperature
=650  \3$aeconomic impact
=650  \3$ageographical distribution
=650  \3$aZea mays
=650  \3$arelative humidity
=650  \3$arisk factors
=650  \3$acorn
=650  \3$aaflatoxins
=650  \3$aclimate change
=650  \3$afumonisins
=650  \3$aclimatic factors
=650  \3$adeoxynivalenol
=650  \3$amolds (fungi)
=650  \3$atoxigenic strains
=650  \3$afood pathogens
=650  \3$alife cycle (organisms)
=651  \3$aUnited States
=653  \0$aclimate change
=653  \0$amaize
=653  \0$aaflatoxins
=653  \0$afumonisins
=653  \0$adeoxynivalenol
=700  1\$aBhatnagar, D.$eauthor$uUnited States Department of Agriculture, Agricultural Research Service, Southern Regional Research Center, 1100 Robert E. Lee Blvd Bldg 001, New Orleans, LA 70124, USA
=700  1\$aBui-Klimke, T.$eauthor$uDepartment of Environmental and Occupational Health, University of Pittsburgh, 100 Technology Dr., Pittsburgh, PA 15219, USA
=700  1\$aCarbone, I.$eauthor$uDepartment of Plant Pathology, North Carolina State University, 851 Main Campus Drive, Suite 233, Partners III, Raleigh, NC 27606, USA
=700  1\$aHellmich, R.$eauthor$uUnited States Department of Agriculture, Agricultural Research Service, Corn Insects and Crop Genetics Research Unit, Genetics Laboratory, Ames, IA 50011, USA
=700  1\$aMunkvold, G.$eauthor$uDepartment of Plant Pathology, Iowa State University, Seed Science Building, Ames, IA 50011, USA
=700  1\$aPaul, P.$eauthor$uDepartment of Plant Pathology, Ohio State University, Selby Hall, Wooster, OH 43210, USA
=700  1\$aPayne, G.$eauthor$uDepartment of Plant Pathology, North Carolina State University, 851 Main Campus Drive, Suite 233, Partners III, Raleigh, NC 27606, USA
=700  1\$aTakle, E.$eauthor$uDepartment of Geological and Atmospheric Science and Department of Agronomy, Iowa State University, 3010 Agronomy Hall, Ames, IA 50011
=773  0\$tWorld mycotoxin journal.$g2011 Jan. 1, v. 4, no. 1 p.79-93$dWageningen Academic Publishers$wJournal:jnl4395724$x1875-0796$7nnas
=787  1\$oproduct_pubag
=787  1\$oislandora_article_repository
=787  1\$oislandora_pubag_with_text
=787  1\$o(Journal)jnl4395724
=856  40$uhttps://dx.doi.org/10.3920/WMJ2010.1246$3Available from publisher's site
=856  40$uhttps://handle.nal.usda.gov/10113/49300$3Available in the National Agricultural Library PubAg search system
=912  \\$aArticle
=914  \\$aJournal:jnl4395724$b1875-0710$c4$d1$e79
=914  \\$fWorld mycotoxin journal
=917  \\$aissued
=918  2\$aWageningen Academic Publishers$eprovider$5DNAL
=935  \\$aIND44572719$9ExL
=949  \\$a2014-07-17
=953  \\$a/data/metadata/incoming/wagen/WMJv4i1-02250343-125158.zip
=954  \\$afile:/data/metadata/staging/wagen/wmj2010.1246.xml
=955  \\$a/data/metadata/staging/wagen/
=961  \\$aUSDA/ARS
=974  \\$aagid:49300
=983  \\$a2020-02-26
=984  \\$a2020-02-26
=986  \\$a4572719

