=LDR  03909nab a2200661 u 4500
=001  9916224593507426
=005  20221117223609.0
=008  180619e201806\\xx\|||||o|||||||||||eng||
=016  7\$aIND605965514$2DNAL
=024  7\$a10.1007/s10584-018-2219-x$2doi
=024  7\$a10.1007/s10584-018-2219-x$2chorus
=035  \\$aagid:5965514-01nal_inst
=040  \\$aAGL$beng$cAGL
=100  1\$aElias, Emile$eauthor$uUSDA-Agricultural Research Service, Jornada Experimental Range, Southwest Climate Hub, Las Cruces, NM, USA. emile.elias@ars.usda.gov$1http://orcid.org/0000-0001-9964-3177
=245  10$aDiverse landscapes, diverse risks: synthesis of the special issue on climate change and adaptive capacity in a hotter, drier Southwestern United States
=300  \\$ap. 339-353.
=520  \\$aAssessing regional-scale vulnerability of agricultural systems to climate change and variability is vital in securing food and fiber systems, as well as sustaining rural livelihoods. Farmers, ranchers, and forest landowners rely on science-based, decision-relevant, and localized information to maintain production, ecological viability, and economic returns. This paper synthesizes the collection of research on the future of agricultural production in the Southwestern United States. A variety of assessment methods indicate the diverse impacts and risks across the Southwest, often related to water availability, which drives adaptive measures in this region. Sector- or species-specific adaptive measures have long been practiced in this region and will continue to be necessary to support agricultural production as a regional enterprise. Diversification of crop selection and income source imparts climate resilience. Building upon biophysical vulnerability through incorporating social and economic factors is critical to future adaptation planning efforts. The persistence and adaptive capacity of agriculture in the water-limited Southwest serves as an instructive example for producers outside the region expecting drier and warmer conditions and may offer solutions to reduce future climate impacts.
=592  \\$aPublisher supplied data
=593  \\$aPubAg article
=650  \3$abusiness enterprises
=650  \3$aclimate
=650  \3$aclimate change
=650  \3$acosts and returns
=650  \3$aeconomic factors
=650  \3$aforests
=650  \3$aincome
=650  \3$alandowners
=650  \3$alandscapes
=650  \3$alivelihood
=650  \3$aplanning
=650  \3$aranchers
=650  \3$arisk
=650  \3$aviability
=651  \3$aSouthwestern United States
=700  1\$aReyes, Julian$eauthor$uUSDA-Agricultural Research Service, Jornada Experimental Range, Southwest Climate Hub, Las Cruces, NM, USA
=700  1\$aSteele, Caiti$eauthor$uNew Mexico State University, Las Cruces, NM, USA
=700  1\$aRango, Albert$eauthor$uUSDA-Agricultural Research Service, Jornada Experimental Range, Southwest Climate Hub, Las Cruces, NM, USA
=773  0\$tClimatic change.$g2018 June, v. 148, no. 3 p.339-353$dSpringer Netherlands$wJournal:jnl8952$x0165-0009$7nnas
=787  1\$oislandora_article_repository
=787  1\$oproduct_pubag
=787  1\$o(Journal)jnl8952
=856  40$uhttp://dx.doi.org/10.1007/s10584-018-2219-x$3Available from publisher's site
=912  \\$aArticle
=914  \\$aJournal:jnl8952$b0165-0009$c148$d3$e339
=914  \\$fClimatic change
=916  \\$aBatch:2013
=917  \\$aissued
=918  2\$aSpringer$eprovider$5DNAL
=935  \\$aIND605965514$9ExL
=949  \\$a2020-03-06
=953  \\$a/data/metadata/incoming/springer/ftp_PUB_18-06-07_05-53-47.zip
=954  \\$afile:/data/metadata/staging/springer/10584-148-3.xml
=955  \\$a/data/metadata/staging/springer/
=961  \\$aUSDA/ARS
=962  \\$aBatch:2013 reviewed on 2018-07-16T04:00:02Z
=974  \\$aagid:5965514
=983  \\$a2018-06-19
=984  \\$a2020-03-06

