=LDR  03973nab a2200649 u 4500
=001  9916224594007426
=005  20221117223414.0
=008  180619e201806\\xx\|||||o|||||||||||eng||
=016  7\$aIND605965515$2DNAL
=024  7\$a10.1007/s10584-018-2220-4$2doi
=035  \\$aagid:5965515-01nal_inst
=040  \\$aAGL$beng$cAGL
=100  1\$aSteele, Caitriana$eauthor$uDepartment of Plant and Environmental Sciences, New Mexico State University, Las Cruces, NM, USA. caiti@nmsu.edu
=245  10$aCascading impacts of climate change on southwestern US cropland agriculture
=300  \\$ap. 437-450.
=520  \\$aThe interior southwest United States is one of the hottest, driest regions on the planet, yet irrigated cropland agriculture is successfully practiced where there is access to surface water and/or groundwater. Through climate change, the southwest is projected to become even hotter and drier, increasing the challenges faced by farmers across the region. We can assess the vulnerability of cropland agriculture, to assist in developing potential solutions to these challenges of warming temperatures and water scarcity. However, these types of biophysical vulnerability assessment usually generate technological or policy-level solutions that do not necessarily account for farmers' ability to respond to climate change impacts. Further, there are non-climatic factors that also threaten the future of agriculture in the region, such as population increase, loss of agricultural land, and increasing competition for depleting water resources. In this paper, we assert that to fully address how southwestern farmers may respond to climate change impacts, we must consider both biophysical outcome and contextual vulnerabilities. Future research on individual localities and/or specific commodities and including cross-disciplinary analysis of socio-economic, institutional, cultural, and political factors alongside biophysical factors will help to develop more substantive understanding of system vulnerabilities and feasible adaptive solutions.
=592  \\$aPublisher supplied data
=593  \\$aPubAg article
=650  \3$aclimate change
=650  \3$acropland
=650  \3$afarmers
=650  \3$agroundwater
=650  \3$airrigated farming
=650  \3$apolitics
=650  \3$apopulation growth
=650  \3$aproducts and commodities
=650  \3$arisk assessment
=650  \3$asocioeconomics
=650  \3$asurface water
=650  \3$atemperature
=650  \3$awater shortages
=651  \3$aSouthwestern United States
=700  1\$aReyes, Julian$eauthor$uUSDA-Agricultural Research Service, Jornada Experimental Range, Las Cruces, NM, USA
=700  1\$aElias, Emile$eauthor$uUSDA-Agricultural Research Service, Jornada Experimental Range, Las Cruces, NM, USA
=700  1\$aAney, Sierra$eauthor$uDepartment of Geography, New Mexico State University, Las Cruces, NM, USA
=700  1\$aRango, Albert$eauthor$uUSDA-Agricultural Research Service, Jornada Experimental Range, Las Cruces, NM, USA
=773  0\$tClimatic change.$g2018 June, v. 148, no. 3 p.437-450$dSpringer Netherlands$wJournal:jnl8952$x0165-0009$7nnas
=787  1\$oislandora_article_repository
=787  1\$oproduct_pubag
=787  1\$o(Journal)jnl8952
=856  40$uhttp://dx.doi.org/10.1007/s10584-018-2220-4$3Available from publisher's site
=912  \\$aArticle
=914  \\$aJournal:jnl8952$b0165-0009$c148$d3$e437
=914  \\$fClimatic change
=916  \\$aBatch:2013
=917  \\$aissued
=918  2\$aSpringer$eprovider$5DNAL
=935  \\$aIND605965515$9ExL
=949  \\$a2018-07-16
=953  \\$a/data/metadata/incoming/springer/ftp_PUB_18-06-07_05-53-47.zip
=954  \\$afile:/data/metadata/staging/springer/10584-148-3.xml
=955  \\$a/data/metadata/staging/springer/
=961  \\$aUSDA/ARS
=962  \\$aBatch:2013 reviewed on 2018-07-16T04:00:02Z
=974  \\$aagid:5965515
=983  \\$a2018-06-19
=984  \\$a2018-07-16

