=LDR  05362nab a2200829 u 4500
=001  9916224595707426
=005  20221207101205.0
=008  180619e201806\\xx\|||||o|||||||||||eng||
=016  7\$aIND605965512$2DNAL
=024  7\$a10.1007/s10584-017-2040-y$2chorus
=024  7\$a10.1007/s10584-017-2040-y$2doi
=024  7\$a10.1007/s10584-017-2040-y$2chorusOpen
=035  \\$aagid:5965512-01nal_inst
=040  \\$aAGL$beng$cAGL
=100  1\$aElias, Emile$eauthor$uU.S. Department of Agriculture-Agricultural Research Service, Jornada Experimental Range, Las Cruces, NM, USA. emile.elias@ARS.USDA.GOV
=245  10$aCounty-level climate change information to support decision-making on working lands
=300  \\$ap. 355-369.
=506  \\$aResource is Open Access
=506  \\$aSpringer Science and Business Media LLC License Information
=520  \\$aFarmers, ranchers, and forest landowners across the USA make weather- and climate-related management decisions at varying temporal and spatial scales, often with input from local experts like crop consultants and cooperative extension (CE) personnel. In order to provide additional guidance to such longer-term planning efforts, we developed a tool that shows statistically downscaled climate projections of temperature and precipitation consolidated to the county level for the contiguous US. Using the county as a fundamental mapping unit encourages the use of this information within existing institutional structures like CE and other U.S. Department of Agriculture (USDA) programs. A "quick-look" metric based on the spatial variability of climate within each county aids in the interpretation of county-level information. For instance, relatively higher spatial variability within a county indicates that more localized information should be used to support stakeholder planning. Changes in annual precipitation show a latitudinal dipole where increases are projected for much of the northern US while declines are projected for counties across the southern US. Seasonal shifts in county-level precipitation are projected nationwide with declines most evident in summer months in most regions. Changes in the spatial variability of annual precipitation for most counties were less than 10 mm, indicating fairly spatially homogenous midcentury precipitation changes at the county level. Annual and seasonal midcentury temperatures are projected to increase across the USA, with relatively low change in the spatial variability (<0.3 °C) of temperature across most counties. The utility of these data is shown for forage and almond applications, both indicating a potential decline in production in some future years, to illustrate use of county-level seasonal projections in adaptation planning and decision-making.
=592  \\$aPublisher supplied data
=593  \\$aPubAg article
=596  \\$cNSF$dhttps://doi.org/10.13039/100000001
=596  \\$cUSDA$dhttps://doi.org/10.13039/100000199
=506  0\$fUnrestricted online access$2star
=650  \3$aUSDA
=650  \3$aalmonds
=650  \3$aatmospheric precipitation
=650  \3$aclimate
=650  \3$aclimate change
=650  \3$aconsultants
=650  \3$adecision making
=650  \3$aexperts
=650  \3$aextension education
=650  \3$aforage
=650  \3$aforests
=650  \3$ahuman resources
=650  \3$alandowners
=650  \3$aplanning
=650  \3$aranchers
=650  \3$astakeholders
=650  \3$asummer
=650  \3$atemperature
=651  \3$aSoutheastern United States
=700  1\$aSchrader, T.Scott$eauthor$uU.S. Department of Agriculture-Agricultural Research Service, Jornada Experimental Range, Las Cruces, NM, USA
=700  1\$aAbatzoglou, JohnT.$eauthor$uDepartment of Geography, University of Idaho, Moscow, ID, 83844, USA
=700  1\$aJames, Darren$eauthor$uU.S. Department of Agriculture-Agricultural Research Service, Jornada Experimental Range, Las Cruces, NM, USA
=700  1\$aCrimmins, Mike$eauthor$uDepartment of Soil, Water and Environmental Science, University of Arizona, Tucson, AZ, 85721, USA
=700  1\$aWeiss, Jeremy$eauthor$uSchool of Natural Resources and the Environment, University of Arizona, Tucson, AZ, 85721, USA
=700  1\$aRango, Albert$eauthor$uU.S. Department of Agriculture-Agricultural Research Service, Jornada Experimental Range, Las Cruces, NM, USA
=773  0\$tClimatic change.$g2018 June, v. 148, no. 3 p.355-369$dSpringer Netherlands$wJournal:jnl8952$x0165-0009$7nnas
=787  1\$oislandora_article_repository
=787  1\$oproduct_pubag
=787  1\$o(Journal)jnl8952
=856  40$uhttp://dx.doi.org/10.1007/s10584-017-2040-y$3Available from publisher's site
=903  \\$aVersion of Record
=912  \\$aArticle
=914  \\$aJournal:jnl8952$b0165-0009$c148$d3$e355
=914  \\$fClimatic change
=916  \\$aBatch:2013
=917  \\$aissued
=918  2\$aSpringer$eprovider$5DNAL
=935  \\$aIND605965512$9ExL
=949  \\$a2020-03-06
=953  \\$a/data/metadata/incoming/springer/ftp_PUB_18-06-07_05-53-47.zip
=954  \\$afile:/data/metadata/staging/springer/10584-148-3.xml
=955  \\$a/data/metadata/staging/springer/
=961  \\$aUSDA/ARS
=962  \\$aBatch:2013 reviewed on 2018-07-16T04:00:02Z
=974  \\$aagid:5965512
=983  \\$a2018-06-19
=984  \\$a2020-03-06

