=LDR  03570nab a2200625 u 4500
=001  9916224843407426
=005  20221117223649.0
=008  190713e20130108xx\|||||o|||||||||||eng||
=016  7\$aIND606529839$2DNAL
=024  7\$a10.3390/su5010136$2doi
=035  \\$aagid:6529839-01nal_inst
=040  \\$aAGL$beng$cAGL
=100  1\$aRaymond, Crystal L.$eauthor$uUSDA Forest Service, Pacific Northwest Research Station, 400 North 34th Street, Suite 201, Seattle, WA 98103, USA. craymond@fs.fed.us
=245  14$aThe North Cascadia Adaptation Partnership: A Science-Management Collaboration for Responding to Climate Change
=300  \\$ap. 136-159.
=520  \\$aThe U.S. Forest Service (USFS) and National Park Service (NPS) have highlighted climate change as an agency priority and issued direction to administrative units for responding to climate change. In response, the USFS and NPS initiated the North Cascadia Adaptation Partnership (NCAP) in 2010. The goals of the NCAP were to build an inclusive partnership, increase climate change awareness, assess vulnerability, and develop science-based adaptation strategies to reduce these vulnerabilities. The NCAP expanded previous science-management partnerships on federal lands to a larger, more ecologically and geographically complex region and extended the approach to a broader range of stakeholders. The NCAP focused on two national forests and two national parks in the North Cascades Range, Washington (USA), a total land area of 2.4 million ha, making it the largest science-management partnership of its kind. The NCAP assessed climate change vulnerability for four resource sectors (hydrology and access; vegetation and ecological disturbance; wildlife; and fish) and developed adaptation options for each sector. The NCAP process has proven to be a successful approach for implementing climate change adaptation across a region and can be emulated by other land management agencies in North America and beyond.
=592  \\$aPublisher supplied data
=593  \\$aPubAg article
=650  \3$aU.S. National Park Service
=650  \3$aUSDA Forest Service
=650  \3$aclimate change
=650  \3$aecological imbalance
=650  \3$afish
=650  \3$ahydrology
=650  \3$aland management
=650  \3$anational forests
=650  \3$anational parks
=650  \3$apublic lands
=650  \3$astakeholders
=650  \3$avegetation
=650  \3$awildlife
=651  \3$aWashington (state)
=700  1\$aPeterson, David L.$eauthor
=700  1\$aRochefort, Regina M.$eauthor
=773  0\$tSustainability.$g2013 Jan. 08, v. 5, no. 1 p.136-159$dMultidisciplinary Digital Publishing Institute$wJournal:2270$x2071-1050$7nnas
=787  1\$oislandora_article_repository
=787  1\$oproduct_pubag
=787  1\$o(Journal)2270
=856  40$uhttp://dx.doi.org/10.3390/su5010136$3Available from publisher's site
=912  \\$aArticle
=914  \\$aJournal:2270$b2071-1050$c5$d1$e136
=914  \\$fSustainability
=916  \\$aBatch:2410
=917  \\$aissued
=918  2\$aMultidisciplinary Digital Publishing Institute$eprovider$5DNAL
=935  \\$aIND606529839$9ExL
=949  \\$a2020-02-19
=953  \\$a/data/metadata/incoming/mdpinstitute/sustainability-v5-i1_20130124.xml
=954  \\$afile:/data/metadata/staging/mdpinstitute/sustainability-v5-i1_20130124.xml
=955  \\$a/data/metadata/staging/mdpinstitute/
=961  \\$aUSDA/FS
=962  \\$aBatch:2410 reviewed on 2020-02-19T14:00:02Z
=974  \\$aagid:6529839
=983  \\$a2019-07-13
=984  \\$a2020-02-19

