=LDR  05397nab a2200877 u 4500
=001  9916231310207426
=005  20221118014202.0
=008  141110e20111220xx\|||||o|||||||||||eng||
=016  7\$aIND44676283$2DNAL
=024  7\$a10.1016/j.fcr.2011.07.001$2doi
=035  \\$aagid:451167-01nal_inst
=040  \\$aAGL$beng$cAGL
=100  1\$aWhite, Jeffrey W.$eauthor$uALARC, USDA-ARS, 21881 North Cardon Lane, Maricopa, AZ 85138, United States
=245  10$aMethodologies for simulating impacts of climate change on crop production
=300  \\$ap. 357-368.
=500  \\$a2019-12-06
=520  \\$aEcophysiological models are widely used to forecast potential impacts of climate change on future agricultural productivity and to examine options for adaptation by local stakeholders and policy makers. However, protocols followed in such assessments vary to such an extent that they constrain cross-study syntheses and increase the potential for bias in projected impacts. We reviewed 221 peer-reviewed papers that used crop simulation models to examine diverse aspects of how climate change might affect agricultural systems. Six subject areas were examined: target crops and regions; the crop model(s) used and their characteristics; sources and application of data on [CO₂] and climate; impact parameters evaluated; assessment of variability or risk; and adaptation strategies. Wheat, maize, soybean and rice were considered in approximately 170 papers. The USA (55 papers) and Europe (64 papers) were the dominant regions studied. The most frequent approach used to simulate response to CO₂ involved adjusting daily radiation use efficiency (RUE) and transpiration, precluding consideration of the interacting effects of CO₂, stomatal conductance and canopy temperature, which are expected to exacerbate effects of global warming. The assumed baseline [CO₂] typically corresponded to conditions 10–30 years earlier than the date the paper was accepted, exaggerating the relative impacts of increased [CO₂]. Due in part to the diverse scenarios for increases in greenhouse gas emissions, assumed future [CO₂] also varied greatly, further complicating comparisons among studies. Papers considering adaptation predominantly examined changes in planting dates and cultivars; only 20 papers tested different tillage practices or crop rotations. Risk was quantified in over half the papers, mainly in relation to variability in yield or effects of water deficits, but the limited consideration of other factors affecting risk beside climate change per se suggests that impacts of climate change were overestimated relative to background variability. A coordinated crop, climate and soil data resource would allow researchers to focus on underlying science. More extensive model intercomparison, facilitated by modular software, should strengthen the biological realism of predictions and clarify the limits of our ability to forecast agricultural impacts of climate change on crop production and associated food security as well as to evaluate potential for adaptation.
=592  \\$aPublisher supplied data
=593  \\$aPubAg article
=650  \3$aplanting date
=650  \3$arice
=650  \3$awheat
=650  \3$afood security
=650  \3$aglobal warming
=650  \3$acomputer software
=650  \3$asoil resources
=650  \3$aRuta graveolens
=650  \3$acarbon dioxide
=650  \3$astomatal conductance
=650  \3$agreenhouse gas emissions
=650  \3$aissues and policy
=650  \3$aclimate
=650  \3$aagricultural forecasts
=650  \3$acrop production
=650  \3$acultivars
=650  \3$acorn
=650  \3$arisk factors
=650  \3$aradiation use efficiency
=650  \3$astakeholders
=650  \3$atemperature
=650  \3$acrop rotation
=650  \3$aprediction
=650  \3$acrop models
=650  \3$acanopy
=650  \3$atillage
=650  \3$asoybeans
=650  \3$afood production
=650  \3$aresearchers
=650  \3$acrops
=651  \3$aUnited States
=651  \3$aEurope
=653  \0$arisk
=653  \0$aadaptation
=700  1\$aHoogenboom, Gerrit$eauthor$uDepartment of Biological and Agricultural Engineering, University of Georgia, Griffin, GA 30223-1797, United States
=700  1\$aKimball, Bruce A.$eauthor$uALARC, USDA-ARS, 21881 North Cardon Lane, Maricopa, AZ 85138, United States
=700  1\$aWall, Gerard W.$eauthor$uALARC, USDA-ARS, 21881 North Cardon Lane, Maricopa, AZ 85138, United States
=773  0\$tField crops research.$g2011 Dec. 20, v. 124, no. 3 p.357-368$dElsevier B.V.$x0378-4290$7nnas
=787  1\$oislandora_article_repository
=787  1\$oproduct_pubag
=787  1\$o(Journal)jnl10215
=856  40$uhttp://dx.doi.org/10.1016/j.fcr.2011.07.001$3Available from publisher's site
=912  \\$aArticle
=914  \\$aJournal:jnl10215$c124$d3$e357
=914  \\$fField crops research
=917  \\$aissued
=918  2\$aElsevier B.V.$eprovider$5DNAL
=935  \\$aIND44676283$9ExL
=949  \\$a2013-04-29
=953  \\$aNAL269800378429001240003.xml
=961  \\$aUSDA/ARS
=962  \\$aBatch:196 annotated on 2013-04-22T09:54:21Z
=962  \\$aBatch:196 reviewed on 2013-04-29T12:00:02Z
=962  \\$aBatch:196 reviewed on 2013-04-29T13:00:02Z
=974  \\$aagid:451167
=983  \\$a2014-11-10
=984  \\$a2014-11-10

