=LDR  04622nab a2200745 u 4500
=001  9916231673307426
=005  20221118014232.0
=008  110623e201007\\xx\|||||o|||||||||||eng||
=016  7\$aIND44592484$2DNAL
=024  7\$a10.1016/j.jglr.2009.12.001$2doi
=024  7\$a10113/49775$2hdl
=035  \\$aagid:49775-01nal_inst
=040  \\$aAGL$beng$cAGL
=072  \0$aB200
=072  \0$aX330
=100  1\$aHellmann, Jessica J.$eauthor$uDepartment of Biological Sciences, University of Notre Dame, Notre Dame, IN 46556, USA
=245  10$aClimate Change Impacts on Terrestrial Ecosystems in Metropolitan Chicago and Its Surrounding, Multi-State Region
=300  \\$ap. 74-85.
=500  \\$a2019-12-06
=520  \\$aThis paper describes the potential impacts of warming temperatures and changing precipitation on plants, wildlife, invasive species, pests, and agricultural ecosystems across the multi-state region centered on Chicago, Illinois. We examine a geographic area that captures much of Lake Michigan, including a complex mosaic of urbanization and agriculture surrounding southern Lake Michigan. We consider species currently present within this broad region as well as species that are expected to move into or out of the area as climate zones shift northward through the coming century. Our analysis draws upon disparate data sources to compile projections. We conclude that a complex mixture of land use poses particular challenges to natural ecosystems in this region under climate change. Dispersal is likely to be limited for some species, and some populations of native taxa may already be reduced due to habitat loss. Other species can persist, even thrive, within a mixed landscape mosaic, provided natural areas and green spaces are available. If such spaces are somehow connected, they can provide opportunities for native species to inhabit and move through the metropolitan region (perhaps even better than the landscapes previously dominated by agriculture). Strategies for adapting regional agriculture and minimizing pest outbreaks also call for creative management intervention. With additional research, Chicago and its surrounding environs have an opportunity to provide leadership on effective management of natural resources under climate change.
=592  \\$aPublisher supplied data
=593  \\$aPubAg article
=650  \3$aagroecosystems
=650  \3$ainvasive species
=650  \3$aurban areas
=650  \3$aclimate change
=650  \3$awildlife habitats
=650  \3$aland use
=650  \3$awildlife
=651  \3$aIllinois
=651  \3$aLake Michigan
=653  \0$aprecipitation
=653  \0$anatural resource management
=653  \0$apests
=653  \0$aplants
=653  \0$aecosystems
=700  1\$aNadelhoffer, Knute J.$eauthor$uEcology and Evolutionary Biology, University of Michigan, Ann Arbor, MI 48109, USA
=700  1\$aIverson, Louis R.$eauthor$uNorthern Research Station, USDA Forest Service, Delaware, OH 43015, USA
=700  1\$aZiska, Lewis H.$eauthor$uUS Department of Agriculture, Beltsville, MD 20705, USA
=700  1\$aMatthews, Stephen N.$eauthor$uNorthern Research Station, USDA Forest Service, Delaware, OH 43015, USA
=700  1\$aMyers, Philip$eauthor$uEcology and Evolutionary Biology, University of Michigan, Ann Arbor, MI 48109, USA
=700  1\$aPrasad, Anantha M.$eauthor$uNorthern Research Station, USDA Forest Service, Delaware, OH 43015, USA
=700  1\$aPeters, Matthew P.$eauthor$uNorthern Research Station, USDA Forest Service, Delaware, OH 43015, USA
=773  0\$tJournal of Great Lakes research.$g2010 July, v. 36, no. sp2 p.74-85$dElsevier$x0380-1330$7nnas
=787  1\$oproduct_pubag
=787  1\$oislandora_pubag_with_text
=787  1\$oislandora_article_repository
=852  \\$aDNAL
=856  40$uhttps://handle.nal.usda.gov/10113/49775$3Available in the National Agricultural Library PubAg search system
=856  40$uhttp://dx.doi.org/10.1016/j.jglr.2009.12.001$3Available from publisher's Web site
=912  \\$aArticle
=914  \\$fJournal of Great Lakes research
=917  \\$aissued
=918  2\$aBioOne$eprovider$5DNAL
=930  \\$a20110802$b20110902$c00000000
=935  \\$aIND44592484$9ExL
=945  \\$aIND$dYLP$e2011/08/01
=949  \\$a2016-09-13
=952  \\$a20110802 20110902 00000000$bIND YLP 2011/08/01
=953  \\$aJGLRv36isp2-04282019-172464.zip
=961  \\$aUSDA/FS
=974  \\$aagid:49775
=984  \\$a2018-05-25
=985  \\$aConverted from MARCXML to MODS version 3.4 using MARC21slim2MODS3-4.xsl (Revision 1.95 2014/04/23)
=986  \\$a4592484

