=LDR  03171nab a2200637 u 4500
=001  9916232221207426
=005  20221117222504.0
=008  220820e201706\\xx\|||||o|||||||||||eng||
=016  7\$aIND606211469$2DNAL
=024  7\$a10.1093/aepp/ppw023$2doi
=035  \\$aagid:6211469-01nal_inst
=040  \\$aAGL$beng$cAGL
=100  1\$aThompson, Wyatt$eauthor$uAgricultural and Applied Economics Department, University of Missouri
=245  12$aA Cost of Tractability? Estimating Climate Change Impacts Using a Single Crop Market Understates Impacts on Market Conditions and Variability
=300  \\$ap. 346-362.
=500  \\$aJOURNAL ARTICLE
=520  \\$aScientists estimate that U.S. Corn Belt crop yields will increase or decrease, on average, and become more variable with climate change. Corn and soybean farming dominates this region, but studies typically do not assess the joint impact of new distributions of corn and soybean yields on markets. We use a structural economic model with projections of climate‐driven yield changes to simulate these effects. Our findings suggest that a narrow focus on a single crop in this key growing region risks underestimating the impact on price distributions and average crop receipts, and can lead to incorrect signs on estimated impacts.
=592  \\$aPublisher supplied data
=593  \\$aPubAg article
=596  \\$cNational Institute of Food and Agriculture
=596  \\$a2012‐68002‐19872$cUSDA
=650  \3$aclimate change
=650  \3$acorn
=650  \3$acrop yield
=650  \3$aeconometric models
=650  \3$amarkets
=650  \3$aprices
=650  \3$arisk
=650  \3$asoybeans
=651  \3$aCorn Belt region
=651  \3$aUnited States
=700  1\$aGerlt, Scott$eauthor$uAgricultural and Applied Economics Department, University of Missouri
=700  1\$aCampbell, J. Elliott$eauthor$uSchool of Engineering
=700  1\$aKueppers, Lara M.$eauthor$uSierra Nevada Research Institute, University of California, Merced
=700  1\$aLu, Yaqiong$eauthor$uSierra Nevada Research Institute, University of California, Merced
=700  1\$aSnyder, Mark A.$eauthor$uDepartment of Earth and Planetary Sciences, University of California, Santa Cruz
=773  0\$tApplied economic perspectives and policy.$g2017 June, v. 39, no. 2 p.346-362$doxford university press$wJournal:jnl4430135$x2040-5790$7nnas
=787  1\$oislandora_article_repository
=787  1\$oproduct_pubag
=787  1\$o(Journal)jnl4430135
=856  40$uhttps://dx.doi.org/10.1093/aepp/ppw023$3Available from publisher's site
=912  \\$aArticle
=914  \\$aJournal:jnl4430135$b2040-5804$c39$d2$e346
=914  \\$fApplied economic perspectives and policy
=916  \\$aBatch:2258
=917  \\$aissued
=918  2\$aJohn Wiley & Sons, Inc$eprovider$5DNAL
=935  \\$aIND606211469$9ExL
=949  \\$a2019-07-11
=953  \\$a/data/metadata/incoming/wiley/20405790_2017_39_2.xml
=954  \\$afile:/data/metadata/staging/wiley/20405790_2017_39_2.xml
=955  \\$a/data/metadata/staging/wiley/
=961  \\$aUSDA/NIFA
=974  \\$aagid:6211469
=983  \\$a2022-08-20
=984  \\$a2022-08-20

