=LDR  05229nab a2200709 u 4500
=001  9916235821307426
=005  20221117234339.0
=008  210201e20210301xx\|||||o|||||||||||eng||
=016  7\$aIND607209298$2DNAL
=024  7\$a10.1016/j.agwat.2020.106672$2doi
=035  \\$aagid:7209298-01nal_inst
=040  \\$aAGL$beng$cAGL
=100  1\$aZhang, Jing$eauthor$uCollege of Natural Resources and Environment, Northwest A&F University, Yangling 712100, China
=245  10$aSimulated deficit irrigation and climate change effects on sunflower production in Eastern Colorado with CSM-CROPGRO-Sunflower in RZWQM2
=500  \\$aNAL-AP-2-clean
=520  \\$aSunflower (Helianthus annuus L.) has been used as an alternative summer crop in the traditional wheat (Triticum aestivum L.)-fallow rotation in the Great Plains of the USA. However, few studies have been conducted to quantify sunflower productivity and water productivity (WP) under semi-arid conditions and projected climate change. Experiments were conducted in 2008, 2010, and 2011 on sunflowers under deficit irrigation to meet a fraction of crop evapotranspiration (ETc) as estimated by FAO-56 in eastern Colorado. The field data was used to calibrate and validate the CSM-CROPGRO-Sunflower model that is incorporated in the Root Zone Water Qualify Model (RZWQM2). The calibrated model was then used to simulate sunflower production under projected climate conditions with four Representative Concentration Pathways (RCP) scenarios (2.6, 4.5, 6.0, and 8.5) and four irrigation levels (100%, 60%, 40% ETc and rainfed) in the late 21st century. The results showed that the model was able to adequately simulate sunflower biomass, yield, and soil water storage under the different irrigation treatments in all three years. The corresponding relative root mean square deviation (RRMSD) values were between 0.05 and 0.15 for the simulations of soil water storage, yield, and biomass. Under future climate change conditions, the model simulated greater impact of irrigation treatments than RCP scenarios on sunflower production. For example, yield was 3251.3, 2638.85 and 1937.17 kg ha⁻¹ with 100%, 60% and 40% ETc irrigation under baseline (1992-2013) and was 2932.47, 2360.53 and 1810.65 kg ha⁻¹ with these irrigation treatments under RCP8.5 (2070-2091). Simulation results also showed that scheduling irrigations based on 60% of ETc was the best choice for sunflower WP in eastern Colorado. Climate change did not affect sunflower biomass, yield, and WP. There was an increasing trend of irrigation amount was simulated from the baseline to RCP8.5 scenario to maintain a certain percent of ETc due to high temperature projected. For instance, the irrigation amount for 100%, 60% and 40% of ETc irrigation treatment was 16.4%, 17.3%, and 20.0% higher under RCP8.5 than those under baseline conditions with CO₂ fertilization. Finally, our results demonstrated that RZWQM2 can be used to effectively schedule sunflower irrigations based on crop evapotranspiration requirement.
=592  \\$aPublisher supplied data
=593  \\$aPubAg article
=650  \3$aHelianthus annuus
=650  \3$aTriticum aestivum
=650  \3$abiomass
=650  \3$acarbon dioxide
=650  \3$aclimate change
=650  \3$adeficit irrigation
=650  \3$aevapotranspiration
=650  \3$airrigation rates
=650  \3$amodels
=650  \3$arhizosphere
=650  \3$asoil water storage
=650  \3$asummer
=650  \3$atemperature
=650  \3$awheat
=651  \3$aColorado
=653  \0$aRZWQM2
=653  \0$aCropGro
=653  \0$aCrop simulation
=653  \0$aIrrigation management
=700  1\$aZhang, Huihui$eauthor$uUSDA-ARS, Water Management and Systems Research Unit, Fort Collins, CO 80526, USA
=700  1\$aSima, Matthew W.$eauthor$uDepartment of Civil and Environmental Engineering, Princeton University, Princeton, NJ, 08544, USA
=700  1\$aTrout, Thomas J.$eauthor$uUSDA-ARS, Water Management and Systems Research Unit, Fort Collins, CO 80526, USA
=700  1\$aMalone, Rob W.$eauthor$uUSDA-ARS, National Laboratory for Agriculture and the Environment, Ames, IA, USA
=700  1\$aWang, Li$eauthor$uCollege of Natural Resources and Environment, Northwest A&F University, Yangling 712100, China
=773  0\$tAgricultural water management.$g2021 Mar. 01, v. 246 p.106672-$dElsevier B.V.$wJournal:jnl8460$x0378-3774$7nnas
=787  1\$oislandora_article_repository
=787  1\$oproduct_pubag
=787  1\$o(Journal)jnl8460
=856  40$uhttps://dx.doi.org/10.1016/j.agwat.2020.106672$3Available from publisher's site
=912  \\$aArticle
=914  \\$aJournal:jnl8460$b0378-3774$c246$e106672
=914  \\$fAgricultural water management
=916  \\$aBatch:10117
=917  \\$aissued
=918  2\$aElsevier Consyn$eprovider$5DNAL
=935  \\$aIND607209298$9ExL
=949  \\$a2021-08-30
=953  \\$a/data/metadata/incoming/consyn/125396119607361268-00002-HEAD-ONLY-REVISEDSUBJECTLIST.ZIP
=954  \\$afile:/data/metadata/staging/consyn/S0378377420322162.xml
=955  \\$a/data/metadata/staging/consyn/
=961  \\$aUSDA/ARS
=974  \\$aagid:7209298
=983  \\$a2021-02-01
=984  \\$a2021-08-30

