=LDR  03236nab a2200625 u 4500
=001  9916240745507426
=005  20221117224335.0
=008  091106e200809\\xx\|||||o|||||||||||eng||
=016  7\$aIND44280923$2DNAL
=024  7\$a10.1016/j.ecolind.2007.11.002$2doi
=024  7\$a10113/36135$2hdl
=035  \\$aagid:36135-01nal_inst
=040  \\$aAGL$beng$cAGL
=072  \0$aF300
=072  \0$aB200
=072  \0$aK250
=072  \0$aX100
=100  1\$aWoodall, C.W.
=245  10$aRelationships between forest fine and coarse woody debris carbon stocks across latitudinal gradients in the United States as an indicator of climate change effects
=300  \\$ap. 686-690.
=500  \\$aIncludes references
=520  \\$aCoarse and fine woody materials (CWD and FWD) are substantial forest ecosystem carbon (C) stocks. There is a lack of understanding how these detritus C stocks may respond to climate change. This study used a nation-wide inventory of CWD and FWD in the United States to examine how these C stocks vary by latitude. Results indicate that the highest CWD and FWD C stocks are found in forests with the highest latitude, while conversely the lowest C stocks are found in the most southerly forests. CWD and FWD respond differently to changes in latitude with CWD C stocks decreasing more rapidly as latitude decreased. If latitude can be broadly assumed to indicate temperature and potential rate of detrital decay, it may be postulated that CWD C stocks may be at the highest risk of becoming a net C source if temperatures increase. The latitude at which CWD and FWD C stocks roughly equal each other (equilibrium point) may serve as an indicator of changes in C stock equilibrium under a global warming scenario. Given the complex relationships between detrital C stocks, biomass production/decay, and climatic variables, further research is suggested to refine this study's indicator.
=593  \\$aPubAg article
=650  \3$aclimate change
=650  \3$aforest litter
=650  \3$acoarse woody debris
=650  \3$acarbon sequestration
=650  \3$alatitude
=650  \3$ageographical distribution
=650  \3$adata analysis
=650  \3$aequations
=650  \3$aforest inventory
=651  \3$aUnited States
=700  1\$aLiknes, G.C.
=773  0\$tEcological indicators.$g2008 Sept., v.  8, no.  5 p.686-690$7nnas
=787  1\$oproduct_pubag
=787  1\$oislandora_pubag_with_text
=787  1\$oislandora_article_repository
=852  \\$aDNAL
=856  40$uhttps://handle.nal.usda.gov/10113/36135$3Available in the National Agricultural Library PubAg search system
=856  40$uhttp://dx.doi.org/10.1016/j.ecolind.2007.11.002$3Available from publisher's Web site
=912  \\$aArticle
=914  \\$fEcological indicators
=917  \\$aissued
=930  \\$a20091130$b20091204$c00000000
=935  \\$aIND44280923$9ExL
=945  \\$aIND$dLYN$e2009/11/27
=946  \\$aNon-US
=949  \\$a2016-09-13
=952  \\$a20091130 20091204 00000000$bIND LYN 2009/11/27
=961  \\$aUSDA/FS
=974  \\$aagid:36135
=984  \\$a2009-12-04
=985  \\$aConverted from MARCXML to MODS version 3.4 using MARC21slim2MODS3-4.xsl (Revision 1.95 2014/04/23)
=986  \\$a4280923

