=LDR  04114nab a2200745 u 4500
=001  9916245744507426
=005  20221118005042.0
=008  090319e200811\\xx\|||||o|||||||||||eng||
=016  7\$aIND44178833$2DNAL
=024  7\$a10.1016/j.gloplacha.2008.01.007$2doi
=024  7\$a10113/27104$2hdl
=035  \\$aagid:27104-01nal_inst
=040  \\$aAGL$beng$cAGL
=072  \0$aX330
=072  \0$aB200
=072  \0$aF300
=072  \0$aK810
=100  1\$aBachelet, D.
=245  10$aVEMAP vs VINCERA: A DGVM sensitivity to differences in climate scenarios
=300  \\$ap. 38-48.
=500  \\$aIncludes references
=500  \\$a2019-12-05
=520  \\$aThe MC1 DGVM has been used in two international model comparison projects, VEMAP (Vegetation Ecosystem Modeling and Analysis Project) and VINCERA (Vulnerability and Impacts of North American forests to Climate Change: Ecosystem Responses and Adaptation). The latest version of MC1 was run on both VINCERA and VEMAP climate and soil input data to document how a change in the inputs can affect model outcome. We compared simulation results under the two sets of future climate scenarios and reported on how the different inputs can affect vegetation distribution and carbon budget projections. Under all future scenarios, the interior West becomes woodier as warmer temperatures and available moisture allow trees to get established in grasslands areas. Concurrently, warmer and drier weather causes the eastern deciduous and mixed forests to shift to a more open canopy woodland or savanna type while boreal forests disappear almost entirely from the Great Lakes area by the end of the 21st century. While under VEMAP scenarios the model simulated large increases in carbon storage in a future woodier West, the drier VINCERA scenarios accounted for large carbon losses in the east and only moderate gains in the West. But under all future climate scenarios, the total area burned by wildfires increased especially in C4 grasslands under all scenarios and in dry woodlands under VINCERA scenarios. The model simulated non-agricultural lands in the conterminous United States as a source of carbon in the 21st century under the VINCERA future climate scenarios but not VEMAP. However, the magnitude of this carbon source to the atmosphere could be greatly reduced if the CO2 growth enhancement factor built in the model was enhanced but evidence that all mature forests across the entire country will respond positively to increased atmospheric CO2 is still lacking.
=593  \\$aPubAg article
=650  \3$ahistory
=650  \3$ageographical distribution
=650  \3$acarbon dioxide
=650  \3$adynamic models
=650  \3$asimulation models
=650  \3$aair temperature
=650  \3$athematic maps
=650  \3$aclimate change
=650  \3$aecosystems
=650  \3$agas emissions
=650  \3$aforest fires
=650  \3$aclimatic factors
=650  \3$avegetation
=650  \3$aprediction
=651  \3$aUnited States
=653  \0$aprecipitation
=653  \0$awildfires
=700  1\$aLenihan, J.
=700  1\$aDrapek, R.
=700  1\$aNeilson, R.
=773  0\$tGlobal and planetary change.$g2008 Nov., v.  64, no.  1-2 p.38-48$7nnas
=787  1\$oproduct_pubag
=787  1\$oislandora_pubag_with_text
=787  1\$oislandora_article_repository
=852  \\$aDNAL
=856  40$uhttps://handle.nal.usda.gov/10113/27104$3Available in the National Agricultural Library PubAg search system
=856  40$uhttp://dx.doi.org/10.1016/j.gloplacha.2008.01.007$3Available from publisher's Web site
=912  \\$aArticle
=914  \\$fGlobal and planetary change
=917  \\$aissued
=930  \\$a20090323$b20090508$c00000000
=935  \\$aIND44178833$9ExL
=945  \\$aIND$dGAY$e2009/03/23
=946  \\$aNon-US
=949  \\$a2016-09-13
=952  \\$a20090323 20090508 00000000$bIND GAY 2009/03/23
=961  \\$aUSDA/FS
=974  \\$aagid:27104
=984  \\$a2009-05-22
=985  \\$aConverted from MARCXML to MODS version 3.4 using MARC21slim2MODS3-4.xsl (Revision 1.95 2014/04/23)
=986  \\$a4178833

