=LDR  04543nab a2200769 u 4500
=001  9916245746707426
=005  20221118005143.0
=008  090319e200811\\xx\|||||o|||||||||||eng||
=016  7\$aIND44178832$2DNAL
=024  7\$a10.1016/j.gloplacha.2008.01.006$2doi
=024  7\$a10113/27107$2hdl
=035  \\$aagid:27107-01nal_inst
=040  \\$aAGL$beng$cAGL
=072  \0$aX330
=072  \0$aB200
=072  \0$aF300
=072  \0$aK810
=100  1\$aLenihan, James M.
=245  10$aSimulated response of conterminous United States ecosystems to climate change at different levels of fire suppression, CO2 emission rate, and growth response to CO2
=300  \\$ap. 16-25.
=500  \\$aIncludes references
=500  \\$a2019-12-05
=520  \\$aA modeling experiment was designed to investigate the impact of fire management, CO2 emission rate, and the growth response to CO2 on the response of ecosystems in the conterminous United States to climate scenarios produced by three different General Circulation Models (GCMs) as simulated by the MC1 Dynamic General Vegetation Model (DGVM). Distinct regional trends in response to projected climatic change were evident across all combinations of the experimental factors. In the eastern half of the U.S., the average response to relatively large increases in temperature and decreases in precipitation was an 11% loss of total ecosystem carbon. In the West, the response to increases in precipitation and relatively small increases in temperature was a 5% increase in total carbon stocks. Simulated fire suppression reduced average carbon losses in the East to about 6%, and preserved forests which were largely converted to woodland and savanna in the absence of fire suppression. Across the west, unsuppressed fire maintained near constant carbon stocks despite increases in vegetation productivity. With fire suppression, western carbon stocks increased by 10% and most shrublands were converted to woodland or even forest. With a relatively high level of growth in response to CO2, total ecosystem carbon pools at the end of the century were on average about 9-10% larger in both regions of the U.S. compared to a low CO2 response. The western U.S. gained enough carbon to counter losses from unsuppressed fire only with the high CO2 response, especially in conjunction with the higher CO2 emission rate. In the eastern U.S., fire suppression was sufficient to produce a simulated carbon sink only with both the high CO2 response and emission rate. Considerable uncertainty exists with respect to the impacts of global warming on the ecosystems of the conterminous U.S., some of which resides in the future trajectory of greenhouse gas emissions, in the direct response of vegetation to increasing CO2, and in future tradeoffs among different fire management options, as illustrated in this study.
=593  \\$aPubAg article
=650  \3$ahistory
=650  \3$ageographical distribution
=650  \3$acarbon dioxide
=650  \3$asimulation models
=650  \3$adynamic models
=650  \3$aecoregions
=650  \3$afire ecology
=650  \3$ageographical variation
=650  \3$aair temperature
=650  \3$afire suppression
=650  \3$athematic maps
=650  \3$aclimate change
=650  \3$agas emissions
=650  \3$aecosystems
=650  \3$aclimatic factors
=650  \3$avegetation
=650  \3$aprediction
=651  \3$aUnited States
=653  \0$aprecipitation
=700  1\$aBachelet, Dominique
=700  1\$aNeilson, Ronald P.
=700  1\$aDrapek, Raymond
=773  0\$tGlobal and planetary change.$g2008 Nov., v.  64, no.  1-2 p.16-25$7nnas
=787  1\$oproduct_pubag
=787  1\$oislandora_pubag_with_text
=787  1\$oislandora_article_repository
=852  \\$aDNAL
=856  40$uhttps://handle.nal.usda.gov/10113/27107$3Available in the National Agricultural Library PubAg search system
=856  40$uhttp://dx.doi.org/10.1016/j.gloplacha.2008.01.006$3Available from publisher's Web site
=912  \\$aArticle
=914  \\$fGlobal and planetary change
=917  \\$aissued
=930  \\$a20090323$b20090508$c00000000
=935  \\$aIND44178832$9ExL
=945  \\$aIND$dGAY$e2009/03/23
=946  \\$aNon-US
=949  \\$a2016-09-13
=952  \\$a20090323 20090508 00000000$bIND GAY 2009/03/23
=961  \\$aUSDA/FS
=974  \\$aagid:27107
=984  \\$a2009-05-22
=985  \\$aConverted from MARCXML to MODS version 3.4 using MARC21slim2MODS3-4.xsl (Revision 1.95 2014/04/23)
=986  \\$a4178832

