=LDR  05027nab a2201033 u 4500
=001  9916245750207426
=005  20221207124930.0
=008  090318e20040824xx\|||||o|||||||||||eng||
=016  7\$aIND44178680$2DNAL
=024  7\$a10.1073/pnas.0404500101$2doi
=024  7\$aPMC514653$2pmcid
=024  7\$a15314227$2pmid
=024  7\$a10113/27110$2hdl
=035  \\$aagid:27110-01nal_inst
=040  \\$aAGL$beng$cAGL
=072  \0$aB200
=072  \0$aW000
=072  \0$aP200
=072  \0$aK800
=072  \0$aX385
=100  1\$aHayhoe, Katharine
=245  10$aEmissions pathways, climate change, and impacts on California
=300  \\$ap. 12422-12427.
=500  \\$aIncludes references
=500  \\$a2019-12-05
=506  \\$aResource is Open Access$uhttp://purl.org/eprint/accessRights/OpenAccess
=520  \\$aThe magnitude of future climate change depends substantially on the greenhouse gas emission pathways we choose. Here we explore the implications of the highest and lowest Intergovernmental Panel on Climate Change emissions pathways for climate change and associated impacts in California. Based on climate projections from two state-of-the-art climate models with low and medium sensitivity (Parallel Climate Model and Hadley Centre Climate Model, version 3, respectively), we find that annual temperature increases nearly double from the lower B1 to the higher A1fi emissions scenario before 2100. Three of four simulations also show greater increases in summer temperatures as compared with winter. Extreme heat and the associated impacts on a range of temperature-sensitive sectors are substantially greater under the higher emissions scenario, with some interscenario differences apparent before midcentury. By the end of the century under the B1 scenario, heatwaves and extreme heat in Los Angeles quadruple in frequency while heat-related mortality increases two to three times; alpine/subalpine forests are reduced by 50-75%; and Sierra snowpack is reduced 30-70%. Under A1fi, heatwaves in Los Angeles are six to eight times more frequent, with heat-related excess mortality increasing five to seven times; alpine/subalpine forests are reduced by 75-90%; and snowpack declines 73-90%, with cascading impacts on runoff and streamflow that, combined with projected modest declines in winter precipitation, could fundamentally disrupt California's water rights system. Although interscenario differences in climate impacts and costs of adaptation emerge mainly in the second half of the century, they are strongly dependent on emissions from preceding decades.
=593  \\$aPubAg article
=593  \\$cUSDA submission
=506  0\$fUnrestricted online access$2star
=650  \3$agreenhouse gases
=650  \3$agas emissions
=650  \3$astream flow
=650  \3$asnowpack
=650  \3$ahumans
=650  \3$aair temperature
=650  \3$aglobal warming
=650  \3$awatershed hydrology
=650  \3$asummer
=650  \3$aclimate models
=650  \3$aenvironmental impact
=650  \3$arunoff
=650  \3$aair pollution
=650  \3$aforest damage
=650  \3$amortality
=651  \3$aCalifornia
=653  \0$aheat-related mortality
=653  \0$aclimate change
=700  1\$aCayan, Daniel
=700  1\$aField, Christopher B.
=700  1\$aFrumhoff, Peter C.
=700  1\$aMaurer, Edwin P.
=700  1\$aMiller, Norman L.
=700  1\$aMoser, Susanne C.
=700  1\$aSchneider, Stephen H.
=700  1\$aCahill, Kimberly Nicholas
=700  1\$aCleland, Elsa E.
=700  1\$aDale, Larry
=700  1\$aDrapek, Ray
=700  1\$aHanemann, R. Michael
=700  1\$aKalkstein, Laurence S.
=700  1\$aLenihan, James
=700  1\$aLunch, Claire K.
=700  1\$aNeilson, Ronald P.
=700  1\$aSheridan, Scott C.
=700  1\$aVerville, Julia H.
=773  0\$tProceedings of the National Academy of Sciences of the United States of America.$g2004 Aug. 24, v.  101, no.  34 p.12422-12427$x1091-6490$7nnas
=787  1\$oproduct_pubag
=787  1\$oislandora_article_repository
=787  1\$oislandora_pubag_with_text
=787  1\$o(Journal)jnl45680
=852  \\$aDNAL
=856  40$uhttps://handle.nal.usda.gov/10113/27110$3Available in the National Agricultural Library PubAg search system
=856  40$uhttp://dx.doi.org/10.1073/pnas.0404500101$3Available from publisher's Web site
=912  \\$aArticle
=914  \\$aJournal:jnl45680$b1091-6490$c101$d34$e12422
=914  \\$fProceedings of the National Academy of Sciences of the United States of America
=917  \\$aissued
=930  \\$a20090323$b20090508$c00000000
=935  \\$aIND44178680$9ExL
=945  \\$aIND$dRHF$e2009/03/23
=946  \\$aOther US
=949  \\$a2016-09-13
=952  \\$a20090323 20090508 00000000$bIND RHF 2009/03/23
=961  \\$aUSDA/FS
=974  \\$aagid:27110
=984  \\$a2009-05-22
=985  \\$aConverted from MARCXML to MODS version 3.4 using MARC21slim2MODS3-4.xsl (Revision 1.95 2014/04/23)
=986  \\$a4178680

