=LDR  03910nab a2200805 u 4500
=001  9916246815307426
=005  20221207103218.0
=008  120801e200902\\xx\|||||o|||||||||||eng||
=016  7\$aIND44637689$2DNAL
=024  7\$a19270781$2pmid
=024  7\$aPMC2649213$2pmcid
=024  7\$a10113/54095$2hdl
=024  7\$a10.1289/ehp.11501$2doi
=035  \\$aagid:54095-01nal_inst
=040  \\$aAGL$beng$cAGL
=100  1\$aZiska, Lewis H.
=245  10$aRising CO2, Climate Change, and Public Health: Exploring the Links to Plant Biology
=300  \\$ap. 155-158.
=500  \\$aIncludes references
=500  \\$a2019-12-06
=506  \\$aResource is Open Access$uhttp://purl.org/eprint/accessRights/OpenAccess
=506  \\$aWorks produced by employees of the U.S. Government as part of their official duties are not copyrighted within the U.S. The content of this document is not copyrighted.
=520  \\$aBackground: Although the issue of anthropogenic climate forcing and public health is widely recognized, one fundamental aspect has remained underappreciated: the impact of climatic change on plant biology and the well-being of human systems. Objectives: We aimed to critically evaluate the extant and probable links between plant function and human health, drawing on the pertinent literature. Discussion: Here we provide a number of critical examples that range over various health concerns related to plant biology and climate change, including aerobiology, contact dermatitis, pharmacology, toxicology, and pesticide use. Conclusions: There are a number of clear links among climate change, plant biology, and public health that remain underappreciated by both plant scientists and health care providers. We demonstrate the importance of such links in our understanding of climate change impacts and provide a list of key questions that will help to integrate plant biology into the current paradigm regarding climate change and human health.
=593  \\$aPubAg article
=506  0\$fUnrestricted online access$2star
=650  \3$acarbon dioxide
=650  \3$apublic health
=650  \3$abotanists
=650  \3$ahealth care workers
=650  \3$ahuman health
=650  \3$aclimate change
=650  \3$apharmacology
=650  \3$atoxicology
=650  \3$aplant biology
=650  \3$aclimate
=650  \3$apesticides
=650  \3$acontact dermatitis
=650  \2$aCarbon Dioxide$xanalysis
=650  \2$aClimate
=650  \2$aGreenhouse Effect
=650  \2$aHumans
=650  \2$aPlants$xmetabolism
=650  \2$aPublic Health
=653  \0$aplants
=700  1\$aEpstein, Paul R.
=700  1\$aSchlesinger, William H.
=773  0\$tEnvironmental health perspectives EHP..$g2009 Feb., v. 117, no. 2 p.155-158$x1552-9924$7nnas
=787  1\$oislandora_article_repository
=787  1\$oproduct_pubag
=787  1\$oislandora_pubag_with_text
=787  1\$o(Journal)jnl5005
=852  \\$aDNAL
=856  40$uhttps://handle.nal.usda.gov/10113/54095$3Available in the National Agricultural Library PubAg search system
=856  40$uhttp://dx.doi.org/10.1289/ehp.11501$3Available from publisher's Web site
=912  \\$aArticle
=914  \\$aJournal:jnl5005$b1552-9924$c117$d2$e155
=914  \\$fEnvironmental health perspectives EHP.
=917  \\$aissued
=935  \\$aIND44637689$9ExL
=949  \\$a2013-03-04
=956  \\$aARIS submission$bhttp://parking.nal.usda.gov/shortterm/ind1/105998_EHP_Article.pdf
=960  \\$aARS submission
=961  \\$aUSDA/ARS
=962  \\$aJournal title changed from 'Environmental health perspectives EHP'
=962  \\$aBatch:61 annotated on 2012-10-19T10:21:32Z
=962  \\$aBatch:61 reviewed on 2012-11-13T18:00:01Z
=974  \\$aagid:54095
=984  \\$a2012-08-03
=985  \\$aConverted from MARCXML to MODS version 3.4 using MARC21slim2MODS3-4.xsl (Revision 1.77 2012/03/23)
=986  \\$a4637689

