=LDR  04199nab a2200685 u 4500
=001  9916247075907426
=005  20221118013333.0
=008  190807e20190803xx\|||||o|||||||||||eng||
=016  7\$aIND606558274$2DNAL
=024  7\$a10.1017/inp.2019.12$2doi
=035  \\$aagid:6558274-01nal_inst
=040  \\$aAGL$beng$cAGL
=100  1\$aZiska, Lewis H.$eauthor$uResearch Plant Physiologist, Adaptive Cropping Systems Lab, USDA Agricultural Research Service, Beltsville, MD, USA$1https://orcid.org/0000-0003-2980-3985
=245  10$aUnderstanding the nexus of rising CO₂, climate change, and evolution in weed biology
=300  \\$ap. 79-88.
=520  \\$aRapid increases in herbicide resistance have highlighted the ability of weeds to undergo genetic change within a short period of time. That change, in turn, has resulted in an increasing emphasis in weed science on the evolutionary ecology and potential adaptation of weeds to herbicide selection. Here we argue that a similar emphasis would also be invaluable for understanding another challenge that will profoundly alter weed biology: the rapid rise in atmospheric carbon dioxide (CO₂) and the associated changes in climate. Our review of the literature suggests that elevated CO₂ and climate change will impose strong selection pressures on weeds and that weeds will often have the capacity to respond with rapid adaptive evolution. Based on current data, climate change and rising CO₂ levels are likely to alter the evolution of agronomic and invasive weeds, with consequences for distribution, community composition, and herbicide efficacy. In addition, we identify four key areas that represent clear knowledge gaps in weed evolution: (1) differential herbicide resistance in response to a rapidly changing CO₂/climate confluence; (2) shifts in the efficacy of biological constraints (e.g., pathogens) and resultant selection shifts in affected weed species; (3) climate-induced phenological shifts in weed distribution, demography, and fitness relative to crop systems; and (4) understanding and characterization of epigenetics and the differential expression of phenotypic plasticity versus evolutionary adaptation. These consequences, in turn, should be of fundamental interest to the weed science community.
=592  \\$aPublisher supplied data
=593  \\$aPubAg article
=650  \3$acarbon dioxide
=650  \3$acarbon dioxide enrichment
=650  \3$aclimate change
=650  \3$aclimatic factors
=650  \3$acommunity structure
=650  \3$ademography
=650  \3$aepigenetics
=650  \3$aevolutionary adaptation
=650  \3$agene expression regulation
=650  \3$aherbicide resistance
=650  \3$aherbicides
=650  \3$ainvasive species
=650  \3$apathogens
=650  \3$aphenology
=650  \3$aphenotypic plasticity
=650  \3$aweed biology
=650  \3$aweeds
=653  \0$aselection
=653  \0$aadaptation
=700  1\$aBlumenthal, Dana M.$eauthor$uEcologist, Rangeland Resources Research, USDA Agricultural Research Service, Fort Collins, CO, USA
=700  1\$aFranks, Steven J.$eauthor$uProfessor, Department of Biological Sciences, Fordham University, Bronx, NY, USA
=773  0\$tInvasive plant science and management.$g2019 Aug. 3, v. 12, no. 2 p.79-88$dThe Weed Science Society of America$wJournal:jnl4194316$x1939-747X$7nnas
=787  1\$oislandora_article_repository
=787  1\$oproduct_pubag
=787  1\$o(Journal)jnl4194316
=856  40$uhttp://dx.doi.org/10.1017/inp.2019.12$3Available from publisher's site
=912  \\$aArticle
=914  \\$aJournal:jnl4194316$b1939-747X$c12$d2$e79
=914  \\$fInvasive plant science and management
=916  \\$aBatch:2375
=917  \\$aissued
=918  2\$aBioOne$eprovider$5DNAL
=935  \\$aIND606558274$9ExL
=949  \\$a2019-12-18
=953  \\$a/data/metadata/incoming/bioone/inp.2019.12_front.xml.zip
=954  \\$afile:/data/metadata/staging/bioone/inp.2019.12_front.xml
=955  \\$a/data/metadata/staging/bioone/
=961  \\$aUSDA/ARS
=962  \\$aBatch:2375 reviewed on 2019-12-18T11:00:04Z
=974  \\$aagid:6558274
=983  \\$a2019-08-07
=984  \\$a2019-12-18

