=LDR  06857nab a2200829 u 4500
=001  9916247675507426
=005  20221117220344.0
=008  220515e202206\\xx\|||||o|||||||||||eng||
=016  7\$aIND607772927$2DNAL
=024  7\$a10.1111/gcb.16156$2doi
=035  \\$aagid:7772927-01nal_inst
=040  \\$aAGL$beng$cAGL
=100  1\$aNovick, Kimberly A.$eauthor$uO'Neill School of Public and Environmental Affairs, Indiana University-Bloomington, Bloomington, Indiana, USA$1https://orcid.org/0000-0002-8431-0879
=245  10$aInforming Nature‐based Climate Solutions for the United States with the best‐available science
=300  \\$ap. 3778-3794.
=500  \\$aJOURNAL ARTICLE
=520  \\$aNature‐based Climate Solutions (NbCS) are managed alterations to ecosystems designed to increase carbon sequestration or reduce greenhouse gas emissions. While they have growing public and private support, the realizable benefits and unintended consequences of NbCS are not well understood. At regional scales where policy decisions are often made, NbCS benefits are estimated from soil and tree survey data that can miss important carbon sources and sinks within an ecosystem, and do not reveal the biophysical impacts of NbCS for local water and energy cycles. The only direct observations of ecosystem‐scale carbon fluxes, for example, by eddy covariance flux towers, have not yet been systematically assessed for what they can tell us about NbCS potentials, and state‐of‐the‐art remote sensing products and land‐surface models are not yet being widely used to inform NbCS policymaking or implementation. As a result, there is a critical mismatch between the point‐ and tree‐scale data most often used to assess NbCS benefits and impacts, the ecosystem and landscape scales where NbCS projects are implemented, and the regional to continental scales most relevant to policymaking. Here, we propose a research agenda to confront these gaps using data and tools that have long been used to understand the mechanisms driving ecosystem carbon and energy cycling, but have not yet been widely applied to NbCS. We outline steps for creating robust NbCS assessments at both local to regional scales that are informed by ecosystem‐scale observations, and which consider concurrent biophysical impacts, future climate feedbacks, and the need for equitable and inclusive NbCS implementation strategies. We contend that these research goals can largely be accomplished by shifting the scales at which pre‐existing tools are applied and blended together, although we also highlight some opportunities for more radical shifts in approach.
=592  \\$aPublisher supplied data
=593  \\$aPubAg article
=596  \\$a1552747$cNational Science Foundation
=596  \\$a1752083$cNational Science Foundation
=596  \\$cIndiana University Bloomington, O'Neill School of Public and Environmental Affairs
=596  \\$cU.S. Department of Energy, Office of Science
=596  \\$cStanford Woods Institute for the Environment
=650  \3$aBiological Sciences
=650  \3$acarbon
=650  \3$acarbon sequestration
=650  \3$aclimate
=650  \3$aecosystems
=650  \3$aeddy covariance
=650  \3$aenergy
=650  \3$aglobal change
=650  \3$agreenhouse gases
=650  \3$aissues and policy
=650  \3$alandscapes
=650  \3$asoil
=650  \3$asurveys
=700  1\$aMetzger, Stefan$eauthor$uBattelle, National Ecological Observatory Network, Boulder, Colorado, USA$1https://orcid.org/0000-0002-4201-852X
=700  1\$aAnderegg, William R. L.$eauthor$uSchool of Biological Sciences, University of Utah, Salt Lake City, Utah, USA$1https://orcid.org/0000-0001-6551-3331
=700  1\$aBarnes, Mallory$eauthor$uO'Neill School of Public and Environmental Affairs, Indiana University-Bloomington, Bloomington, Indiana, USA$1https://orcid.org/0000-0001-8528-6981
=700  1\$aCala, Daniela S.$eauthor$uO'Neill School of Public and Environmental Affairs, Indiana University-Bloomington, Bloomington, Indiana, USA$1https://orcid.org/0000-0002-1165-1947
=700  1\$aGuan, Kaiyu$eauthor$uCollege of Agricultural, Consumer and Environmental Sciences, University of Illinois at Urbana‐Champaign, Urbana, Illinois, USA$1https://orcid.org/0000-0002-3499-6382
=700  1\$aHemes, Kyle S.$eauthor$uWoods Institute for the Environment, Stanford University, Stanford, California, USA$1https://orcid.org/0000-0001-5090-1083
=700  1\$aHollinger, David Y.$eauthor$uUSDA Forest Service, Northern Research Station, Durham, New Hampshire, USA$1https://orcid.org/0000-0002-4284-1575
=700  1\$aKumar, Jitendra$eauthor$uEnvironmental Sciences Division, Oak Ridge National Laboratory, Oak Ridge, Tennessee, USA$1https://orcid.org/0000-0002-0159-0546
=700  1\$aLitvak, Marcy$eauthor$uDepartment of Biology, University of New Mexico, Albuquerque, New Mexico, USA$1https://orcid.org/0000-0002-4255-2263
=700  1\$aLombardozzi, Danica$eauthor$uNational Center for Atmospheric Research, Boulder, Colorado, USA$1https://orcid.org/0000-0003-3557-7929
=700  1\$aNormile, Caroline P.$eauthor$uBipartisan Policy Center, Washington, D.C., USA$1https://orcid.org/0000-0003-4409-470X
=700  1\$aOikawa, Patty$eauthor$uDepartment of Earth & Environmental Science, California State University-East Bay, Hayward, California, USA$1https://orcid.org/0000-0001-7852-4435
=700  1\$aRunkle, Benjamin R. K.$eauthor$uDepartment of Biological and Agricultural Engineering, University of Arkansas, Fayetteville, Arkansas, USA$1https://orcid.org/0000-0002-2583-1199
=700  1\$aTorn, Margaret$eauthor$uLawrence Berkeley National Laboratory, Berkeley, California, USA$1https://orcid.org/0000-0002-8174-0099
=700  1\$aWiesner, Susanne$eauthor$uDepartment of Biological Systems Engineering, University of Wisconsin‐Madison, Madison, Wisconsin, USA$1https://orcid.org/0000-0001-7232-0458
=773  0\$tGlobal change biology.$g2022 June, v. 28, no. 12 p.3778-3794$dJohn Wiley & Sons, Ltd$wJournal:jnl57021$x1354-1013$7nnas
=787  1\$oislandora_article_repository
=787  1\$oproduct_pubag
=787  1\$o(Journal)jnl57021
=856  40$uhttps://dx.doi.org/10.1111/gcb.16156$3Available from publisher's site
=912  \\$aArticle
=914  \\$aJournal:jnl57021$b1354-1013$c28$d12$e3778
=914  \\$fGlobal change biology
=917  \\$aissued
=918  2\$aJohn Wiley & Sons, Inc$eprovider$5DNAL
=935  \\$aIND607772927$9ExL
=949  \\$a2022-05-15
=952  \\$dNAL-AP-2-clean
=953  \\$a/data/metadata/incoming/wiley/13541013_2022_28_12.xml
=954  \\$afile:/data/metadata/staging/wiley/13541013_2022_28_12.xml
=955  \\$a/data/metadata/staging/wiley/
=961  \\$aUSDA/FS
=974  \\$aagid:7772927
=983  \\$a2022-05-15
=984  \\$a2022-05-15

