=LDR  04134nab a2200769 u 4500
=001  9916251161007426
=005  20221207142219.0
=008  190419e20180801xx\|||||o|||||||||||eng||
=016  7\$aIND606090743$2DNAL
=024  7\$a10.1515/opag-2018-0029$2doi
=035  \\$aagid:6090743-01nal_inst
=040  \\$aAGL$beng$cAGL
=100  1\$aQuiroz, Roberto$eauthor$uTropical Agricultural Research and Higher Education Center, CATIE, CartagoTurrialba, Costa Rica
=245  10$aImpact of climate change on the potato crop and biodiversity in its center of origin
=300  \\$ap. 273-283.
=506  \\$aResource is Open Access
=520  \\$aThe Andean region is the most important center of potato diversity in the world. The global warming trend which has taken place since the 1950s, that is 2-3 times the reported global warming and the continuous presence of extreme events makes this region a live laboratory to study the impact of climate change. In this review, we first present the current knowledge on climate change in the Andes, as compared to changes in other mountain areas, and the globe in general. Then, the review describes the ecophysiological strategies to cope and adapt to changes in atmospheric CO₂ levels, temperature and soil water availability. As climate change also has a significant effect on the magnitude and frequency of the incidence of pests and diseases, the current knowledge of the dynamics of vectors in the Andean region is discussed. The use of modeling techniques to describe changes in the range expansion and number of insect pest generations per year as affected by increases in temperature is also presented. Finally, the review deals with the use of crop modeling to analyze the likely impact of projected climate scenarios on potato yield and tuber initiation.
=592  \\$aPublisher supplied data
=593  \\$aPubAg article
=506  0\$fUnrestricted online access$2star
=650  \3$abiodiversity
=650  \3$acarbon dioxide
=650  \3$acenter of origin
=650  \3$aclimate
=650  \3$acrop models
=650  \3$acrop yield
=650  \3$aecophysiology
=650  \3$aglobal warming
=650  \3$ainsect pests
=650  \3$aplant available water
=650  \3$apotatoes
=650  \3$atemperature
=650  \3$atubers
=651  \3$aAndes region
=653  \0$aAndes
=653  \0$acrop modeling
=653  \0$aglobal warming
=653  \0$apest
=653  \0$aSolanum spp
=700  1\$aRamírez, David A.$eauthor$uInternational Potato Center, Headquarters,Lima12, Peru
=700  1\$aKroschel, Jürgen$eauthor$uInternational Potato Center, Asia Potato Program,New Delhi, India
=700  1\$aAndrade-Piedra, Jorge$eauthor$uInternational Potato Center, Headquarters,Lima12, Peru
=700  1\$aBarreda, Carolina$eauthor$uInternational Potato Center, Headquarters,Lima12, Peru
=700  1\$aCondori, Bruno$eauthor$uAdaptive Cropping Systems Laboratory, USDA-ARS,Beltsville, USA
=700  1\$aMares, Victor$eauthor$uInternational Potato Center, Headquarters,Lima12, Peru
=700  1\$aMonneveux, Philippe$eauthor$uInternational Potato Center, Headquarters,Lima12, Peru
=700  1\$aPerez, Willmer$eauthor$uInternational Potato Center, Headquarters,Lima12, Peru
=773  0\$tOpen Agriculture.$g2018 Aug. 01, v. 3, no. 1 p.273-283$dSciendo$wJournal:23162$x2391-9531$7nnas
=787  1\$oislandora_article_repository
=787  1\$oproduct_pubag
=787  1\$o(Journal)23162
=856  40$uhttps://dx.doi.org/10.1515/opag-2018-0029$3Available from publisher's site
=912  \\$aArticle
=914  \\$aJournal:23162$b2391-9531$c3$d1$e273
=914  \\$fOpen Agriculture
=916  \\$aBatch:2076
=917  \\$aissued
=918  2\$aDe Gruyter Publishers$eprovider$5DNAL
=935  \\$aIND606090743$9ExL
=949  \\$a2019-04-19
=953  \\$a/data/metadata/incoming/degruyter/opag.2018.3.issue-1-1555699313751.zip
=954  \\$afile:/data/metadata/staging/degruyter/opag-2018-0029.xml
=955  \\$a/data/metadata/staging/degruyter/
=961  \\$aUSDA/ARS
=974  \\$aagid:6090743
=983  \\$a2019-04-19
=984  \\$a2022-07-27

