=LDR  04520nab a2200769 u 4500
=001  9916251303007426
=005  20221207142542.0
=008  190128e20171129xx\|||||o|||||||||||eng||
=016  7\$aIND605956848$2DNAL
=024  7\$a10.1080/21513732.2017.1285815$2chorus
=024  7\$a10.1080/21513732.2017.1285815$2doi
=024  7\$a10.1080/21513732.2017.1285815$2chorusOpen
=035  \\$aagid:5956848-01nal_inst
=040  \\$aAGL$beng$cAGL
=100  1\$aMatthews, Stephen N.$eauthor$uNorthern Research Station, USDA Forest Service, Delaware, OH, USA
=245  10$aManaging for delicious ecosystem service under climate change: can United States sugar maple (Acer saccharum) syrup production be maintained in a warming climate?
=300  \\$ap. 40-52.
=506  \\$aResource is Open Access
=506  \\$aInforma UK Limited License Information
=506  \\$aResource is Open Access$uhttp://purl.org/eprint/accessRights/OpenAccess
=506  \\$aCHORUS License Information
=520  \\$aSugar maple (Acer saccharum) is a highly valued tree in United States (US) and Canada, and its sap when collected from taps and concentrated, makes a delicious syrup. Understanding how this resource may be impacted by climate change and other threats is essential to continue management for maple syrup into the future. Here, we evaluate the current distribution of maple syrup production across twenty-three states within the US and estimate the current potential sugar maple resource based on tree inventory data. We model and project the potential habitat responses of sugar maple using a species distribution model with climate change under two future General Circulation Models (GCM) and emission scenarios and three time periods (2040, 2070, 2100). Our results show that under GFDL-A1Fi (high CO₂ emissions), sugar maple habitat is projected to decline (mean ratio of future habitat to current habitat per state = 0.46, sd ± 0.33), which could lead to reduced maple syrup production per tree and nearly 5 million additional taps required to maintain current projection levels. If global emissions are reduced and follow a lower trajectory of warming (under PCM-B1), then habitat for the species may be maintained but would still require management intervention. Finally, our results point to regions, particularly along the northern tier, where both climate change impacts and currently developing sugar maple habitat may signify viable opportunities to increase maple syrup production.EDITED BY Christine Fürst
=592  \\$aPublisher supplied data
=593  \\$aPubAg article
=596  \\$cU.S. Forest Service$dhttps://doi.org/10.13039/100006959
=506  0\$fUnrestricted online access$2star
=650  \3$aAcer saccharum subsp. saccharum
=650  \3$aGeneral Circulation Models
=650  \3$abiogeography
=650  \3$acarbon dioxide
=650  \3$aclimate change
=650  \3$aecosystem services
=650  \3$agreenhouse gas emissions
=650  \3$ahabitats
=650  \3$ainventories
=650  \3$amaple syrup
=650  \3$asap
=650  \3$atrees
=651  \3$aCanada
=651  \3$aUnited States
=653  \0$aMaple syrup
=653  \0$aclimate change
=653  \0$asugar maple (Acer saccharum)
=653  \0$aecosystem services
=653  \0$aEastern United States
=700  1\$aIverson, Louis R.$eauthor$uNorthern Research Station, USDA Forest Service, Delaware, OH, USA
=773  0\$tInternational journal of biodiversity science, ecosystem services & management.$g2017 Nov. 29, v. 13, no. 2 p.40-52$dTaylor & Francis$wJournal:J000000091$x2151-3740$7nnas
=787  1\$oislandora_article_repository
=787  1\$oproduct_pubag
=787  1\$o(Journal)J000000091
=856  40$uhttps://dx.doi.org/10.1080/21513732.2017.1285815$3Available from publisher's site
=903  \\$aVersion of Record
=912  \\$aArticle
=914  \\$aJournal:J000000091$b2151-3740$c13$d2$e40
=914  \\$fInternational journal of biodiversity science, ecosystem services & management
=916  \\$aBatch:2012
=917  \\$aissued
=918  2\$aTaylor & Francis Group$eprovider$5DNAL
=935  \\$aIND605956848$9ExL
=949  \\$a2020-03-06
=953  \\$a/data/metadata/incoming/taylorfrancis/tbsm21_tbsm21.v013.i02_20190116023351#15810335.zip
=954  \\$afile:/data/metadata/staging/taylorfrancis/21513732.2017.1285815.xml
=955  \\$a/data/metadata/staging/taylorfrancis/
=961  \\$aUSDA/FS
=974  \\$aagid:5956848
=983  \\$a2019-01-28
=984  \\$a2022-09-06

