=LDR  04661nab a2200877 u 4500
=001  9916252718307426
=005  20221215142607.0
=008  190417e201503\\xx\|||||o|||||||||||eng||
=016  7\$aIND605446017$2DNAL
=024  7\$a10.1016/j.ejrh.2014.12.003$2chorus
=024  7\$a10.1016/j.ejrh.2014.12.003$2doi
=024  7\$a10.1016/j.ejrh.2014.12.003$2chorusOpen
=035  \\$aagid:5446017-01nal_inst
=040  \\$aAGL$beng$cAGL
=100  1\$aWoznicki, Sean A.$eauthor$uDepartment of Biosystems and Agricultural Engineering, Michigan State University, East Lansing, MI, United States
=245  10$aClimate change and irrigation demand: Uncertainty and adaptation
=300  \\$ap. 247-264.
=506  \\$aResource is Open Access$uhttp://purl.org/eprint/accessRights/OpenAccess
=506  \\$aCHORUS License Information
=520  \\$aThe Kalamazoo River Watershed, southwest Michigan, USA.Climate change is projected to have significant impacts on agricultural production. Therefore, understanding the regional impacts of climate change on irrigation demand for crop production is important for watershed managers and agricultural producers to understand for effective water resources management. In this study, the Soil and Water Assessment Tool was used to assess the impact of climate change on corn and soybean irrigation demand in the Kalamazoo River Watershed. Bias-corrected statistically downscaled climate change data from ten global climate models and four emissions scenarios were used in SWAT to develop projections of irrigation demand and yields for 2020-2039 and 2060-2079. Six adaptation scenarios were developed to shift the planting dates (planting earlier and later in the growing season) to take advantage of periods with greater rainfall or lower temperature increases.Uncertainty in irrigation demand was found to increase moving from 2020-2039 to 2060-2079, with demand generally decreasing moving further into the future for corn and soybean. A shift in timing of peak irrigation demand and increases in temperature lead to corn yield reductions. However, soybean yield increased under these conditions. Finally, the adaptation strategy of planting earlier increased irrigation demand and water available for transpiration, while delaying planting resulted in demand decreases for both crops.
=592  \\$aPublisher supplied data
=593  \\$aPubAg article
=596  \\$cNational Institute of Food and Agriculture$dhttps://doi.org/10.13039/100005825
=506  0\$fUnrestricted online access$2star
=650  \3$aGlycine max
=650  \3$aSoil and Water Assessment Tool model
=650  \3$aZea mays
=650  \3$aclimate change
=650  \3$aclimate models
=650  \3$acorn
=650  \3$acrop yield
=650  \3$aemissions
=650  \3$agrowing season
=650  \3$airrigation
=650  \3$amanagers
=650  \3$aplanting date
=650  \3$arain
=650  \3$arivers
=650  \3$asoybeans
=650  \3$atemperature
=650  \3$atranspiration
=650  \3$auncertainty
=650  \3$awater management
=650  \3$awatersheds
=651  \3$aMichigan
=653  \0$aIrrigation demand
=653  \0$aClimate change
=653  \0$aSWAT
=653  \0$aCrop yield
=653  \0$aAdaptation
=653  \0$aUncertainty
=700  1\$aNejadhashemi, A. Pouyan$eauthor$uDepartment of Biosystems and Agricultural Engineering, Michigan State University, East Lansing, MI, United States
=700  1\$aParsinejad, Masoud$eauthor$uDepartment of Irrigation and Reclamation Engineering, University of Tehran, Karaj, Iran
=773  0\$tJournal of Hydrology: Regional Studies.$g2015 Mar., v. 3 p.247-264$dElsevier B.V.$wJournal:23229$x2214-5818$7nnas
=787  1\$oislandora_article_repository
=787  1\$oproduct_pubag
=787  1\$o(Journal)23229
=856  40$uhttps://dx.doi.org/10.1016/j.ejrh.2014.12.003$3Available from publisher's site
=856  40$uhttp://handle.nal.usda.gov/10113/5446017
=912  \\$aArticle
=914  \\$aJournal:23229$b2214-5818$c3$e247
=914  \\$fJournal of Hydrology: Regional Studies
=916  \\$aBatch:1722
=917  \\$aissued
=918  2\$aElsevier Consyn$eprovider$5DNAL
=935  \\$aIND605446017$9ExL
=949  \\$a2020-03-06
=953  \\$a/data/metadata/incoming/consyn-backfiles/46-2-00118-HEAD-ONLY.zip
=954  \\$afile:/data/metadata/staging/consyn-backfiles/S2214581814000524.xml
=955  \\$a/data/metadata/staging/consyn-backfiles/
=961  \\$aUSDA
=962  \\$aUSDA Scientist Submission; eISSN 2214-5818
=962  \\$aMissing ISSN
=974  \\$aagid:5446017
=983  \\$a2019-04-17
=984  \\$a2022-09-06

