=LDR  03835nab a2200577 u 4500
=001  9916253451307426
=005  20221118040146.0
=008  200601e202007\\xx\|||||o|||||||||||eng||
=016  7\$aIND606884019$2DNAL
=024  7\$a10.1016/j.gloplacha.2020.103190$2doi
=035  \\$aagid:6884019-01nal_inst
=040  \\$aAGL$beng$cAGL
=100  1\$aRuela, R.$eauthor$uCESAM, Departamento de Física, Universidade de Aveiro, Portugal
=245  10$aGlobal and regional evolution of sea surface temperature under climate change
=520  \\$aSea surface temperature (SST) has important local and remote influence on global climate through the distribution and transport of heat and moisture, which in turn affect precipitation and air temperature patterns across the globe. Thus, this work aims to assess the worldwide regionalization of the SST evolution for the 21ˢᵗ century under the influence of climate change by means of: 1) division of the worldwide SST data in regions applying a K-means cluster procedure and validation of the most suitable CMIP5 models by a comparative analysis with SST data from Era-Interim reanalysis; 2) calculation of SST trends along the 21ˢᵗ century and assessment of future SST differences between RCP 4.5 and RCP 8.5 greenhouse gas emission scenarios and historical SST data. Global climate model (GCM) projections show a SST warming worldwide although with different intensity depending on the region. Northern Hemisphere regions present a higher seasonal thermal amplitude comparing with equivalent regions in the Southern Hemisphere. Northern Hemisphere has also a higher annual SST increment than clusters in the Southern Hemisphere, independently of the future time period and climate scenario. The Northern Sub-Tropical cluster (STRN) shows the highest significant increment (4.34 °C on RCP 8.5). Under the RCP 4.5 climate scenario, SST trends from 1975 to 2100 range from 0.075 °C dec⁻¹ at South Polar cluster (PRS) to 0.21 °C dec⁻¹ at STRN cluster. Relatively to RCP 8.5 climatic scenario, SST trends change from 0.13 °C dec⁻¹ at PRS cluster to 0.36 °C dec⁻¹ at the North Polar cluster (PRN).
=592  \\$aPublisher supplied data
=593  \\$aPubAg article
=650  \3$aair temperature
=650  \3$aclimate
=650  \3$aclimate change
=650  \3$aclimate models
=650  \3$agreenhouse gas emissions
=650  \3$aheat
=650  \3$asurface water temperature
=653  \0$aSST variability
=653  \0$aCMIP5
=653  \0$aGlobal warming
=653  \0$aK-means cluster
=700  1\$aSousa, M.C.$eauthor$uCESAM, Departamento de Física, Universidade de Aveiro, Portugal
=700  1\$adeCastro, M.$eauthor$uEnvironmental Physics Laboratiry (EphysLab), CIM-UVIGO, Universidade de Vigo, Edificio Campus da Auga, 32004 Ourense, Spain
=700  1\$aDias, J.M.$eauthor$uCESAM, Departamento de Física, Universidade de Aveiro, Portugal
=773  0\$tGlobal and planetary change.$g2020 July, v. 190 p.103190-$dElsevier B.V.$wJournal:12406$x0921-8181$7nnas
=787  1\$oislandora_article_repository
=787  1\$oproduct_pubag
=787  1\$o(Journal)12406
=856  40$uhttps://dx.doi.org/10.1016/j.gloplacha.2020.103190$3Available from publisher's site
=912  \\$aArticle
=914  \\$aJournal:12406$b0921-8181$e103190
=914  \\$fGlobal and planetary change
=916  \\$aBatch:2469
=917  \\$aissued
=918  2\$aElsevier Consyn$eprovider$5DNAL
=935  \\$aIND606884019$9ExL
=949  \\$a2020-05-15
=953  \\$a/data/metadata/incoming/consyn/181312169130961219-00003-HEAD-ONLY-NEW CONSYN ISSNS.zip
=954  \\$afile:/data/metadata/staging/consyn/S0921818120300813.xml
=955  \\$a/data/metadata/staging/consyn/
=961  \\$aUSDA/DA
=974  \\$aagid:6884019
=983  \\$a2020-06-01
=984  \\$a2020-06-01

