=LDR  04348nab a2200673 u 4500
=001  9916256392507426
=005  20221118014925.0
=008  190318e201901\\xx\|||||o|||||||||||eng||
=016  7\$aIND606190827$2DNAL
=024  7\$a10.1016/j.jhydrol.2018.10.041$2doi
=035  \\$aagid:6190827-01nal_inst
=040  \\$aAGL$beng$cAGL
=100  1\$aGao, Jungang$eauthor$uBlackland Research and Extension Center, Texas A&M University, 720 E. Blackland Road, Temple, TX 76502, USA$1https://orcid.org/0000-0002-4859-4632
=245  10$aUncertainty of hydrologic processes caused by bias-corrected CMIP5 climate change projections with alternative historical data sources
=300  \\$ap. 551-561.
=520  \\$aUncertainty in simulating hydrologic response to future climate is generally assumed to result from the combined uncertainties of the General Circulation Model (GCM), representative concentration pathway (RCP), downscaling method, and hydrologic model used. However, another source of uncertainty, the observed climate data source used to statistically downscale and bias-correct GCM projections, has largely been overlooked. This study assessed the shifts, variability, and uncertainty in streamflow simulation from three downscaling data sources (NCDC land-based weather stations, NEXRAD spatial grid, and PRISM spatial grid) relative to those introduced by six GCMs and three RCPs in west-central Kansas, U.S. Streamflow simulated by the Soil and Water Assessment Tool (SWAT) hydrologic model was found to be more sensitive to future precipitation than to maximum and minimum temperatures. The greatest uncertainty in simulated streamflow was associated with selection of the GCM. Uncertainty in simulated streamflow associated with the observed bias-correction data source (NCDC, PRISM, NEXRAD) was greater than with RCPs and was primarily related to uncertainty in precipitation. This study highlighted the importance of recognizing uncertainty from bias-correction data sources in representing future climate scenarios in hydrologic simulations.
=592  \\$aPublisher supplied data
=593  \\$aPubAg article
=650  \3$aGeneral Circulation Models
=650  \3$aSoil and Water Assessment Tool model
=650  \3$aclimate
=650  \3$aclimate change
=650  \3$ameteorological data
=650  \3$astream flow
=650  \3$atemperature
=650  \3$auncertainty
=650  \3$aweather stations
=651  \3$aKansas
=653  \0$aUncertainty
=653  \0$aBias correction
=653  \0$aCMIP5
=653  \0$aClimate change
=653  \0$aSWAT
=653  \0$aStreamflow
=700  1\$aSheshukov, Aleksey Y.$eauthor$uBiological & Agricultural Engineering, Kansas State University, 1016 Seaton Hall, Manhattan, KS 66506, USA$1https://orcid.org/0000-0002-4842-908X
=700  1\$aYen, Haw$eauthor$uBlackland Research and Extension Center, Texas A&M University, 720 E. Blackland Road, Temple, TX 76502, USA$1https://orcid.org/0000-0002-5509-8792
=700  1\$aDouglas-Mankin, Kyle R.$eauthor$uWater Management & Systems Research Unit, USDA-ARS, 2150 Centre Ave, Building D, Fort Collins, CO 80526, USA$1https://orcid.org/0000-0002-3155-3666
=700  1\$aWhite, Michael J.$eauthor$uGrassland, Soil & Water Research Laboratory, USDA-ARS, 808 East Blackland Road, Temple, TX 76502, USA
=700  1\$aArnold, Jeffrey G.$eauthor$uGrassland, Soil & Water Research Laboratory, USDA-ARS, 808 East Blackland Road, Temple, TX 76502, USA
=773  0\$tJournal of hydrology.$g2019 Jan., v. 568 p.551-561$dElsevier B.V.$aElsevier B.V.$wJournal:jnl46539$x0022-1694$7nnas
=787  1\$oislandora_article_repository
=787  1\$oproduct_pubag
=787  1\$o(Journal)jnl46539
=856  40$uhttps://dx.doi.org/10.1016/j.jhydrol.2018.10.041$3Available from publisher's site
=912  \\$aArticle
=914  \\$aJournal:jnl46539$b0022-1694
=914  \\$fJournal of hydrology
=916  \\$aBatch:2104
=917  \\$aissued
=918  2\$aElsevier Consyn$eprovider$5DNAL
=935  \\$aIND606190827$9ExL
=949  \\$a2019-03-18
=953  \\$a/data/metadata/incoming/consyn/46-2-00010-HEAD-ONLY.zip
=954  \\$afile:/data/metadata/staging/consyn/S0022169418308035.xml
=955  \\$a/data/metadata/staging/consyn/
=961  \\$aUSDA/ARS
=974  \\$aagid:6190827
=983  \\$a2019-03-18
=984  \\$a2019-03-18

