=LDR  04495nab a2200925 u 4500
=001  9916257170707426
=005  20221118020440.0
=008  100702e201006\\xx\|||||o|||||||||||eng||
=016  7\$aIND44393077$2DNAL
=024  7\$a20056301$2pmid
=024  7\$a10.1016/j.envpol.2009.12.010$2doi
=024  7\$a10113/45233$2hdl
=035  \\$aagid:45233-01nal_inst
=040  \\$aAGL$beng$cAGL
=072  \0$aF300
=072  \0$aK001
=072  \0$aF600
=072  \0$aB200
=100  1\$aGrulke, N.E.
=245  10$aPlasticity in physiological traits in conifers: Implications for response to climate change in the western U.S
=300  \\$ap. 2032-2042.
=500  \\$aIn the special section: Advances of air pollution science: from forest decline to multiple-stress effects on forest ecosystem services / edited by Marcus Schaub, Rainer Matyssek and Gerhard Wieser.
=500  \\$aPaper presented at the International Conference on Air Polllution and Climate Change at Contrasting Altitude and Latitude, held September 7-12, 2009, Murten, Switzerland.
=500  \\$aIncludes references
=520  \\$aPopulation variation in ecophysiological traits of four co-occurring montane conifers was measured on a large latitudinal gradient to quantitatively assess their potential for response to environmental change. White fir (Abies concolor) had the highest variability, gross photosynthetic rate (Pg), and foliar carbon (C) and nitrogen (N) content. Despite low water use efficiency (WUE), stomatal conductance (gs) of fir was the most responsive to unfavorable environmental conditions. Pinus lambertiana exhibited the least variability in Pg and WUE, and is likely to be the most vulnerable to environmental changes. Pinus ponderosa had an intermediate level of variability, and high needle growth at its higher elevational limits. Pinus Jeffreyi also had intermediate variability, but high needle growth at its southern latitudinal and lower elevational limits. The attributes used to assess tree vigor were effective in predicting population vulnerability to abiotic (drought) and biotic (herbivore) stresses. Variability in ecophysiological attributes of western U.S. conifers suggests relative capacity of species and populations to respond to environmental change.
=593  \\$aPubAg article
=593  \\$cUSDA submission
=650  \3$aAbies concolor
=650  \3$aPinus ponderosa
=650  \3$aPinus jeffreyi
=650  \3$aPinus lambertiana
=650  \3$aphotosynthesis
=650  \3$astomatal conductance
=650  \3$agas exchange
=650  \3$anitrogen content
=650  \3$acarbon
=650  \3$aconifer needles
=650  \3$awater use efficiency
=650  \3$aaltitude
=650  \3$alatitude
=650  \3$atree growth
=650  \2$aAltitude
=650  \2$aCarbon$xmetabolism
=650  \2$aClimate Change
=650  \2$aConiferophyta$xchemistry$xgrowth & development$xmetabolism$xphysiology
=650  \2$aEcosystem
=650  \2$aNitrogen$xmetabolism
=650  \2$aPhotosynthesis$xphysiology
=650  \2$aPlant Leaves$xchemistry$xgrowth & development$xmetabolism$xphysiology
=650  \2$aPlant Physiological Processes
=650  \2$aPlant Stomata$xchemistry$xgrowth & development$xmetabolism$xphysiology
=650  \2$aWater$xmetabolism
=650  \2$aWeather
=651  \3$aOregon
=651  \3$aCalifornia
=651  \3$aMexico
=651  \0$aSouthwestern United States
=773  0\$tEnvironmental pollution.$g2010 June, v.  158, no.  6 p.2032-2042$x0269-7491$7nnas
=787  1\$oproduct_pubag
=787  1\$oislandora_article_repository
=787  1\$oislandora_pubag_with_text
=787  1\$o(Journal)jnl41014
=852  \\$aDNAL
=856  40$uhttps://handle.nal.usda.gov/10113/45233$3Available in the National Agricultural Library PubAg search system
=856  40$uhttp://dx.doi.org/10.1016/j.envpol.2009.12.010$3Available from publisher's Web site
=912  \\$aArticle
=914  \\$aJournal:jnl41014$b0269-7491$c158$d6$e2032
=914  \\$fEnvironmental pollution
=917  \\$aissued
=930  \\$a20120830$b20120904$c00000000
=935  \\$aIND44393077$9ExL
=945  \\$aIND$dRHF$e2010/11/08
=946  \\$aNon-US
=949  \\$a2014-07-17
=952  \\$a20120830 20120904 00000000$bIND RHF 2010/11/08
=961  \\$aUSDA/FS
=974  \\$aagid:45233
=984  \\$a2012-09-04
=985  \\$aConverted from MARCXML to MODS version 3.4 using MARC21slim2MODS3-4.xsl (Revision 1.95 2014/04/23)
=986  \\$a4393077

