=LDR  03848nab a2200757 u 4500
=001  9916257206607426
=005  20221118020426.0
=008  100810e201007\\xx\|||||o|||||||||||eng||
=016  7\$aIND44410993$2DNAL
=024  7\$a10.1139/X10-061$2doi
=024  7\$a10113/45156$2hdl
=035  \\$aagid:45156-01nal_inst
=040  \\$aAGL$beng$cAGL
=072  \0$a     F300   
=072  \0$a     K001   
=072  \0$a     B200   
=072  \0$a     J200   
=100  1\$aJohnstone, Jill F.
=245  10$aFire, climate change, and forest resilience in interior Alaska
=300  \\$ap. 1302-1312.
=500  \\$aIn the special section: The dynamics of change in Alaska's boreal forests: Resilience and vulnerability in response to climate warming.
=500  \\$aIncludes references
=500  \\$aSummary in French.
=500  \\$a2019-12-06
=520  \\$aIn the boreal forests of interior Alaska, feedbacks that link forest soils, fire characteristics, and plant traits have supported stable cycles of forest succession for the past 6000 years. This high resilience of forest stands to fire disturbance is supported by two interrelated feedback cycles: (i) interactions among disturbance regime and plant-soil-microbial feedbacks that regulate soil organic layer thickness and the cycling of energy and materials, and (ii) interactions among soil conditions, plant regeneration traits, and plant effects on the environment that maintain stable cycles of forest community composition. Unusual fire events can disrupt these cycles and trigger a regime shift of forest stands from one stability domain to another (e.g., from conifer to deciduous forest dominance). This may lead to abrupt shifts in forest cover in response to changing climate and fire regime, particularly at sites with intermediate levels of moisture availability where stand-scale feedback cycles are only weakly constrained by environmental conditions. However, the loss of resilience in individual stands may foster resilience at the landscape scale, if changes in the landscape configuration of forest cover types feedback to stabilize regional patterns of fire behavior and climate conditions.
=593  \\$aPubAg article
=593  \\$cUSDA submission
=650  \3$aboreal forests
=650  \3$afire ecology
=650  \3$asoil organic matter
=650  \3$abotanical composition
=650  \3$aclimate change
=650  \3$aforest soils
=650  \3$astand composition
=650  \3$aforest fires
=651  \3$aAlaska
=653  \0$acommunity ecology
=653  \0$aforest ecology
=700  1\$aChapin, F. Stuart III
=700  1\$aHollingsworth, Teresa N.
=700  1\$aMack, Michelle C.
=700  1\$aRomanovsky, Vladimir
=700  1\$aTuretsky, Merritt
=773  0\$tCanadian journal of forest research.$g2010 July, v.  40, no.  7 p.1302-1312$wJournal:jnl2003$x0045-5067$7nnas
=787  1\$oproduct_pubag
=787  1\$oislandora_article_repository
=787  1\$oislandora_pubag_with_text
=787  1\$o(Journal)jnl2003
=852  \\$aDNAL
=856  40$uhttp://dx.doi.org/10.1139/X10-061$3Available from publisher's Web site
=856  40$uhttps://handle.nal.usda.gov/10113/45156$3Available in the National Agricultural Library PubAg search system
=912  \\$aArticle
=914  \\$aJournal:jnl2003$b0045-5067$c40$d7$e1302
=914  \\$fCanadian journal of forest research
=917  \\$aissued
=930  \\$a20101105$b20101204$c00000000
=935  \\$aIND44410993$9ExL
=945  \\$aIND$dRHF$e2010/11/05
=946  \\$aNon-US
=949  \\$a2019-06-20
=952  \\$a20101105 20101204 00000000$bIND RHF 2010/11/05
=961  \\$aUSDA/FS
=974  \\$aagid:45156
=984  \\$a2019-05-06
=985  \\$aConverted from MARCXML to MODS version 3.4 using MARC21slim2MODS3-4.xsl (Revision 1.95 2014/04/23)
=986  \\$a4410993

