=LDR  05279nab a2200841 u 4500
=001  9916261545607426
=005  20221118040445.0
=008  220811e201807\\xx\|||||o|||||||||||eng||
=016  7\$aIND606664764$2DNAL
=024  7\$a10.2134/jeq2017.08.0309$2doi
=035  \\$aagid:6664764-01nal_inst
=040  \\$aAGL$beng$cAGL
=100  1\$aRobertson, Andy D.$eauthor$uDep. of Soil and Crop Sciences, Colorado State Univ., Fort Collins, CO, 80523
=245  10$aClimate Change Impacts on Yields and Soil Carbon in Row Crop Dryland Agriculture
=300  \\$ap. 684-694.
=500  \\$aJOURNAL ARTICLE
=500  \\$aepub
=520  \\$aDryland agroecosystems could be a sizable sink for atmospheric carbon (C) due to their spatial extent and level of degradation, providing climate change mitigation. We examined productivity and soil C dynamics under two climate change scenarios (moderate warming, representative concentration pathway [RCP] 4.5; and high warming, RCP 8.5), using long‐term experimental data and the DayCent process‐based model for three sites with varying climates and soil conditions in the US High Plains. Each site included a no‐till cropping intensity gradient introduced in 1985, with treatments ranging from wheat-fallow (Triticum aestivum L.) to continuous annual cropping and perennial grass. Simulations were extended to 2100 using data from 16 global circulation models to estimate uncertainty. Simulated yields declined for all crops (up to 50% for wheat), with small changes after 2050 under RCP 4.5 and continued losses to 2100 under RCP 8.5. Of the cropped systems, continuous cropping had the highest average productivity and soil C sequestration rates (78.1 kg C ha⁻¹ yr⁻¹ from 2015 to 2045 under RCP 4.5). Any increase in soil C for cropped rotations was realized by 2050, but grassland treatments increased soil C (up to 69%) through 2100, even under RCP 8.5. Our simulations indicate that reduced frequency of summer fallow can both increase annualized yields and store more soil C. As evapotranspiration is likely to increase, reducing fallow periods without live vegetation from dryland agricultural rotations may enhance the resilience of these systems to climate change while also increasing soil C storage and mitigating carbon dioxide emissions. CORE IDEAS: Soil C sequestration rates increased with cropping intensity. Water‐limited systems will see increased yield losses under climate change. Intensive systems retained soil C but with more variability under climate change. Grasslands are likely to sequester more soil C than annual cropping systems.
=592  \\$aPublisher supplied data
=593  \\$aPubAg article
=596  \\$a58‐5402‐4‐016$cUSDA‐ARS
=650  \3$aTriticum aestivum
=650  \3$aagroecosystems
=650  \3$aarid lands
=650  \3$acarbon
=650  \3$acarbon dioxide
=650  \3$acarbon sequestration
=650  \3$aclimate
=650  \3$aclimate change
=650  \3$acontinuous cropping
=650  \3$acrop rotation
=650  \3$aemissions
=650  \3$aevapotranspiration
=650  \3$afallow
=650  \3$agrasslands
=650  \3$amodels
=650  \3$ano-tillage
=650  \3$aperennial grasses
=650  \3$arowcrops
=650  \3$asoil
=650  \3$asoil carbon
=650  \3$asoil quality
=650  \3$asummer
=650  \3$auncertainty
=650  \3$awheat
=651  \3$aHigh Plains (United States)
=651  \3$aUnited States
=700  1\$aZhang, Yao$eauthor$uUSDA‐ARS, Agricultural Systems Research Unit, 2150 Centre Ave, Building D, Fort Collins, CO, 80526
=700  1\$aSherrod, Lucretia A.$eauthor$uUSDA‐ARS, Agricultural Systems Research Unit, 2150 Centre Ave, Building D, Fort Collins, CO, 80526
=700  1\$aRosenzweig, Steven T.$eauthor$uDep. of Soil and Crop Sciences, Colorado State Univ., Fort Collins, CO, 80523
=700  1\$aMa, Liwang$eauthor$uUSDA‐ARS, Agricultural Systems Research Unit, 2150 Centre Ave, Building D, Fort Collins, CO, 80526
=700  1\$aAhuja, Lajpat$eauthor$uUSDA‐ARS, Agricultural Systems Research Unit, 2150 Centre Ave, Building D, Fort Collins, CO, 80526
=700  1\$aSchipanski, Meagan E.$eauthor$uDep. of Soil and Crop Sciences, Colorado State Univ., Fort Collins, CO, 80523
=773  0\$tJournal of environmental quality.$g2018 July, v. 47, no. 4 p.684-694$dThe American Society of Agronomy, Crop Science Society of America, and Soil Science Society of America, Inc.$wJournal:jnl1642$x0047-2425$7nnas
=787  1\$oislandora_article_repository
=787  1\$oproduct_pubag
=787  1\$o(Journal)jnl1642
=856  40$uhttps://dx.doi.org/10.2134/jeq2017.08.0309$3Available from publisher's site
=912  \\$aArticle
=914  \\$aJournal:jnl1642$b0047-2425$c47$d4$e684
=914  \\$fJournal of environmental quality
=916  \\$aBatch:2360
=917  \\$aissued
=918  2\$aJohn Wiley & Sons, Inc$eprovider$5DNAL
=935  \\$aIND606664764$9ExL
=949  \\$a2020-02-20
=953  \\$a/data/metadata/incoming/wiley/00472425_2018_47_4.xml
=954  \\$afile:/data/metadata/staging/wiley/00472425_2018_47_4.xml
=955  \\$a/data/metadata/staging/wiley/
=961  \\$aUSDA/ARS
=974  \\$aagid:6664764
=983  \\$a2022-08-11
=984  \\$a2022-08-11

