=LDR  04786nab a2200661 u 4500
=001  9916261571307426
=005  20221118040501.0
=008  220811e201807\\xx\|||||o|||||||||||eng||
=016  7\$aIND606664836$2DNAL
=024  7\$a10.2134/jeq2017.07.0291$2doi
=035  \\$aagid:6664836-01nal_inst
=040  \\$aAGL$beng$cAGL
=100  1\$aCavigelli, M. A.$eauthor$uUSDA‐ARS, Sustainable Agricultural Systems Laboratory, 10300 Baltimore Ave., Beltsville, MD, 20705
=245  10$aSimulated Soil Organic Carbon Changes in Maryland Are Affected by Tillage, Climate Change, and Crop Yield
=300  \\$ap. 588-595.
=500  \\$aJOURNAL ARTICLE
=500  \\$aepub
=520  \\$aThe impact of climate change on soil organic C (SOC) stocks in no‐till (NT) and conventionally tilled (CT) agricultural systems is poorly understood. The objective of this study was to simulate the impact of projected climate change on SOC to 50‐cm soil depth for grain cropping systems in the southern Mid‐Atlantic region of the United States. We used SOC and other data from the long‐term Farming Systems Project in Beltsville, MD, and CQESTR, a process‐based soil C model, to predict the impact of cropping systems and climate (air temperature and precipitation) on SOC for a 40‐yr period (2012-2052). Since future crop yields are uncertain, we simulated five scenarios with differing yield levels (crop yields from 1996-2014, and at 10 or 30% greater or lesser than these yields). Without change in climate or crop yields (baseline conditions) CQESTR predicted an increase in SOC of 0.014 and 0.021 Mg ha⁻¹ yr⁻¹ in CT and NT, respectively. Predicted climate change alone resulted in an SOC increase of only 0.002 Mg ha⁻¹ yr⁻¹ in NT and a decrease of 0.017 Mg ha⁻¹ yr⁻¹ in CT. Crop yield declines of 10 and 30% led to SOC decreases between 2 and 8% compared with 2012 levels. Increasing crop yield by 10 and 30% was sufficient to raise SOC 2 and 7%, respectively, above the climate‐only scenario under both CT and NT between 2012 and 2052. Results indicate that under these simulated conditions, the negative impact of climate change on SOC levels could be mitigated by crop yield increases. CORE IDEAS: Soil organic C was greater in a no‐till than a conventional tillage system. CQESTR model‐simulated soil organic C increased under both systems. CQESTR‐simulated soil organic C decreased under climate change. Simulated soil organic C decreased under climate change when yields were reduced. Simulated soil organic C increased under climate change when yields were increased.
=592  \\$aPublisher supplied data
=593  \\$aPubAg article
=650  \3$aair temperature
=650  \3$aclimate
=650  \3$aclimate change
=650  \3$acrop yield
=650  \3$acropping systems
=650  \3$afarming systems
=650  \3$amodels
=650  \3$ano-tillage
=650  \3$asoil depth
=650  \3$asoil organic carbon
=651  \3$aMaryland
=651  \3$aMid-Atlantic region
=700  1\$aNash, P. R.$eauthor$uUSDA‐ARS, Cropping Systems & Water Quality Research Unit, Room 269, Agricultural Engineering, Univ. of Missouri, Columbia, MO, 65211
=700  1\$aGollany, H. T.$eauthor$uUSDA‐ARS, 48037 Tubbs Ranch Rd., Adams, OR, 97810
=700  1\$aRasmann, C.$eauthor$uUSDA‐ARS, Sustainable Agricultural Systems Laboratory, 10300 Baltimore Ave., Beltsville, MD, 20705
=700  1\$aPolumsky, R. W.$eauthor$uUSDA‐ARS, 48037 Tubbs Ranch Rd., Adams, OR, 97810
=700  1\$aLe, A. N.$eauthor$uUSDA‐ARS, Sustainable Agricultural Systems Laboratory, 10300 Baltimore Ave., Beltsville, MD, 20705
=700  1\$aConklin, A. E.$eauthor$uUSDA‐ARS, Sustainable Agricultural Systems Laboratory, 10300 Baltimore Ave., Beltsville, MD, 20705
=773  0\$tJournal of environmental quality.$g2018 July, v. 47, no. 4 p.588-595$dThe American Society of Agronomy, Crop Science Society of America, and Soil Science Society of America, Inc.$wJournal:jnl1642$x0047-2425$7nnas
=787  1\$oislandora_article_repository
=787  1\$oproduct_pubag
=787  1\$o(Journal)jnl1642
=856  40$uhttps://dx.doi.org/10.2134/jeq2017.07.0291$3Available from publisher's site
=912  \\$aArticle
=914  \\$aJournal:jnl1642$b0047-2425$c47$d4$e588
=914  \\$fJournal of environmental quality
=916  \\$aBatch:2360
=917  \\$aissued
=918  2\$aJohn Wiley & Sons, Inc$eprovider$5DNAL
=935  \\$aIND606664836$9ExL
=949  \\$a2020-02-20
=953  \\$a/data/metadata/incoming/wiley/00472425_2018_47_4.xml
=954  \\$afile:/data/metadata/staging/wiley/00472425_2018_47_4.xml
=955  \\$a/data/metadata/staging/wiley/
=961  \\$aUSDA/ARS
=974  \\$aagid:6664836
=983  \\$a2022-08-11
=984  \\$a2022-08-11

