=LDR  02429nab a2200625 u 4500
=001  9916264053707426
=005  20221118045754.0
=008  071120|xx\|||||||||||||||||eng||
=016  7\$aIND43981006$2DNAL
=024  7\$a10113/7769$2hdl
=035  \\$aagid:7769-01nal_inst
=040  \\$aAGL$beng$cAGL
=072  \0$aF821
=072  \0$aK001
=072  \0$aB200
=100  1\$aLogan, J.A.
=245  10$aClimate change induced invasions by native and exotic pests
=500  \\$aIncludes references
=500  \\$a2019-12-06
=593  \\$aPubAg article
=594  \\$aEmbargoed article
=650  \3$abark beetles
=650  \3$aLymantria dispar
=650  \3$aecological invasion
=650  \3$aintroduced species
=650  \3$apopulation distribution
=650  \3$aglobal warming
=650  \3$aindigenous species
=650  \3$ainvasive species
=650  \3$aDendroctonus ponderosae
=650  \3$apopulation dynamics
=650  \3$aforest pests
=651  \3$aNorth America
=653  \0$apest outbreaks
=653  \0$aclimate change
=773  0\$tProceedings, 17th U.S. Department of Agriculture Interagency Research Forum on Gypsy Moth and Other Invasive Species, 2006 : January 10-13, 2006, Loews Annapolis Hotel, Annapolis, Maryland / edited by Kurt W. Gottschalk ; sponsored by Forest Service Research ... [et al.].$dU.S. Dept. of Agriculture, Forest Service, Northern Research Station, [2007]$7nnas
=787  1\$oproduct_pubag
=787  1\$oislandora_article_repository
=852  \\$aDNAL
=856  40$uhttps://handle.nal.usda.gov/10113/7769$3Available in the National Agricultural Library PubAg search system
=912  \\$aArticle
=914  \\$fProceedings, 17th U.S. Department of Agriculture Interagency Research Forum on Gypsy Moth and Other Invasive Species, 2006 : January 10-13, 2006, Loews Annapolis Hotel, Annapolis, Maryland / edited by Kurt W. Gottschalk ; sponsored by Forest Service Research ... [et al.]
=917  \\$aissued
=930  \\$a20071205$b20080102$c00000000
=935  \\$aIND43981006$9ExL
=945  \\$aIND$dNZM$e2007/11/30
=946  \\$aUSDA
=949  \\$a2014-07-17
=952  \\$a20071205 20080102 00000000$bIND NZM 2007/11/30
=961  \\$aUSDA/FS
=974  \\$aagid:7769
=979  \\$aMissing Issue date
=984  \\$a2008-02-18
=985  \\$aConverted from MARCXML to MODS version 3.4 using MARC21slim2MODS3-4.xsl (Revision 1.95 2014/04/23)
=986  \\$a3981006

