=LDR  06696nab a2200913 u 4500
=001  9916265420107426
=005  20221118020742.0
=008  220826s2018\\\\xx\|||||o|||||||||||eng||
=016  7\$aIND606630134$2DNAL
=024  7\$a10.2134/ael2018.05.0026$2doi
=035  \\$aagid:6630134-01nal_inst
=040  \\$aAGL$beng$cAGL
=100  1\$aBasso, B.$eauthor$uDep. of Earth and Environmental Sciences, Michigan State Univ., East Lansing, MI, USA
=245  10$aSoil Organic Carbon and Nitrogen Feedbacks on Crop Yields under Climate Change
=500  \\$aLETTER
=500  \\$aepub
=520  \\$aCORE IDEAS: SOC decline, due to increased temperatures, reduces wheat and maize yields globally. CO₂ increase to 540 ppm partially compensates yield losses due to increased temperatures. Accounting for soil feedbacks is critical when evaluating climate change impacts on crop yield. A critical omission from climate change impact studies on crop yield is the interaction between soil organic carbon (SOC), nitrogen (N) availability, and carbon dioxide (CO₂). We used a multimodel ensemble to predict the effects of SOC and N under different scenarios of temperatures and CO₂ concentrations on maize (Zea mays L.) and wheat (Triticum aestivum L.) yield in eight sites across the world. We found that including feedbacks from SOC and N losses due to increased temperatures would reduce yields by 13% in wheat and 19% in maize for a 3°C rise temperature with no adaptation practices. These losses correspond to an additional 4.5% (+3°C) when compared to crop yield reductions attributed to temperature increase alone. Future CO₂ increase to 540 ppm would partially compensate losses by 80% for both maize and wheat at +3°C, and by 35% for wheat and 20% for maize at +6°C, relative to the baseline CO₂ scenario.
=592  \\$aPublisher supplied data
=593  \\$aPubAg article
=650  \3$aTriticum aestivum
=650  \3$aZea mays
=650  \3$acarbon dioxide
=650  \3$aclimate change
=650  \3$acorn
=650  \3$acrop yield
=650  \3$anitrogen
=650  \3$asoil organic carbon
=650  \3$atemperature
=650  \3$awheat
=700  1\$aDumont, B.$eauthor$uTerra & AgroBioChem Dep., Gembloux Agro‐Bio Tech-Univ. of Liege, Gembloux, Belgium
=700  1\$aMaestrini, B.$eauthor$uDep. of Earth and Environmental Sciences, Michigan State Univ., East Lansing, MI, USA
=700  1\$aShcherbak, I.$eauthor$uW.K. Kellogg Biological Station, Michigan State Univ., East Lansing, MI, USA
=700  1\$aRobertson, G. P.$eauthor$uW.K. Kellogg Biological Station, Michigan State Univ., East Lansing, MI, USA
=700  1\$aPorter, J. R.$eauthor$uMontpellier Supagro, 2 Place Pierre Viala, 34060, Montpellier, Cedex 02, France
=700  1\$aSmith, P.$eauthor$uInstitute of Biological and Environmental Sciences School of Biological Sciences, Univ. of Aberdeen, Scotland, UK
=700  1\$aPaustian, K.$eauthor$uDep. of Soil and Crop Sciences, Colorado State Univ., Fort Collins, CO, USA
=700  1\$aGrace, P. R.$eauthor$uInstitute for Future Environments, Queensland Univ. of Technology, Brisbane, Queensland, Australia
=700  1\$aAsseng, S.$eauthor$uAgricultural and Biological Engineering Dep., Univ. of Florida, Gainesville, FL, USA
=700  1\$aBassu, S.$eauthor$uJRC, EU, Ispra, Italy
=700  1\$aBiernath, C.$eauthor$uInstitute of Biochemical Plant Pathology, Helmholtz Zentrum München‐German Research Center for Environmental Health, Neuherberg, Germany
=700  1\$aBoote, K. J.$eauthor$uDep. of Agronomy, Univ. of Florida, Gainesville, FL, USA
=700  1\$aCammarano, D.$eauthor$uThe James Hutton Institute, Invergowrie, Scotland, UK
=700  1\$aDe Sanctis, G.$eauthor$uEFSA European Food Safety Authority Parma, Italy
=700  1\$aDurand, J.‐L.$eauthor$uINRA, Unité de recherche pluridisciplinaire sur la prairie et les plantes fourragères (URP3F), Lusignan, France
=700  1\$aEwert, F.$eauthor$uInstitute of Crop Science and Resource Conservation (INRES), Univ. of Bonn, Bonn, Germany
=700  1\$aGayler, S.$eauthor$uInstitute of Soil Science and Land Evaluation, Univ. of Hohenheim, Stuttgart, Germany
=700  1\$aHyndman, D. W.$eauthor$uDep. of Earth and Environmental Sciences, Michigan State Univ., East Lansing, MI, USA
=700  1\$aKent, J.$eauthor$uDep. of Soil and Crop Sciences, Colorado State Univ., Fort Collins, CO, USA
=700  1\$aMartre, P.$eauthor$uINRA, UMR759, Lab. d'Ecophysiologie des Plantes sous Stress Environnementaux, Montpellier, France
=700  1\$aNendel, C.$eauthor$uInstitute of Landscape Systems Analysis, Leibniz‐Centre for Agricultural Landscape Research (ZALF), Müncheberg, Germany
=700  1\$aPriesack, E.$eauthor$uInstitute of Biochemical Plant Pathology, Helmholtz Zentrum München‐German Research Center for Environmental Health, Neuherberg, Germany
=700  1\$aRipoche, D.$eauthor$uINRA, US1116‐AGROCLIM, Avignon, France
=700  1\$aRuane, A. C.$eauthor$uClimate Impacts Group, NASA Goddard Institute for Space Studies, New York, NY, USA
=700  1\$aSharp, J.$eauthor$uThe New Zealand Institute for Plant and Food Research, Christchurch, New Zealand
=700  1\$aThorburn, P. J.$eauthor$uCSIRO Agriculture, St Lucia, Queensland, Australia
=700  1\$aHatfield, J. L.$eauthor$uUSDA-ARS National Soil Tilth Lab. for Agriculture and the Environment, Ames, IA, USA
=700  1\$aJones, J. W.$eauthor$uAgricultural and Biological Engineering Dep., Univ. of Florida, Gainesville, FL, USA
=700  1\$aRosenzweig, C.$eauthor$uClimate Impacts Group, NASA Goddard Institute for Space Studies, New York, NY, USA
=773  0\$tAgricultural & environmental letters.$g2018, v. 3, no. 1 p.e180026-$dThe American Society of Agronomy, Crop Science Society of America, and Soil Science Society of America, Inc.$wJournal:26726$x2471-9625$7nnas
=787  1\$oislandora_article_repository
=787  1\$oproduct_pubag
=787  1\$o(Journal)26726
=856  40$uhttps://dx.doi.org/10.2134/ael2018.05.0026$3Available from publisher's site
=912  \\$aArticle
=914  \\$aJournal:26726$b2471-9625$c3$d1
=914  \\$fAgricultural & environmental letters
=916  \\$aBatch:2509
=916  \\$aBatch:10182
=917  \\$aissued
=918  2\$aJohn Wiley & Sons, Inc$eprovider$5DNAL
=935  \\$aIND606630134$9ExL
=949  \\$a2022-02-03
=953  \\$a/data/metadata/incoming/wiley/24719625_2018_3_1.xml
=954  \\$afile:/data/metadata/staging/wiley/24719625_2018_3_1.xml
=955  \\$a/data/metadata/staging/wiley/
=961  \\$aUSDA/ARS
=974  \\$aagid:6630134
=983  \\$a2022-08-26
=984  \\$a2022-08-26

