=LDR  04154nab a2200721 u 4500
=001  9916265753707426
=005  20221118022211.0
=008  091229e200909\\xx\|||||o|||||||||||eng||
=016  7\$aIND44305658$2DNAL
=024  7\$a10.1672/07-162.1$2doi
=024  7\$a10113/37916$2hdl
=035  \\$aagid:37916-01nal_inst
=040  \\$aAGL$beng$cAGL
=072  \0$aP200
=072  \0$aK001
=072  \0$aM001
=072  \0$aX100
=072  \0$aB200
=100  1\$aLu, Jianbiao$eauthor$uSouthern Global Change Program, Southern Research Station, USDA Forest Service, 920 Main Campus Drive, Venture II, Suite 300, Raleigh, North Carolina, USA 27606
=245  10$aSensitivity of Pine Flatwoods Hydrology to Climate Change and Forest Management in Florida, USA
=300  \\$ap. 826-836.
=500  \\$a2019-12-05
=520  \\$aPine flatwoods (a mixture of cypress wetlands and managed pine uplands) is an important ecosystem in the southeastern U.S. However, long-term hydrologic impacts of forest management and climate change on this heterogeneous landscape are not well understood. Therefore, this study examined the sensitivity of cypress-pine flatwoods hydrology to climate change and forest management by using the physically based, distributed hydrologic modeling system, MIKE SHE. The model was first calibrated and validated with a long-term data set, and then applied using several hypothetical scenarios developed in north central Florida. Our study showed that MIKE SHE could simulate the temporal and spatial dynamics of the shallow ground-water table. The model also identified and confirmed three horizontal ground-water flow patterns at this study site. The modeling results suggested that forest removal and climate change (i.e., warming and drying) would have pronounced impacts on the ground-water table during the dry periods, but these impacts may be minor under wet conditions at this typical flatwoods landscape. At the landscape scale, depressional wetlands may have higher responses to tree removal and climate change than surrounding uplands.
=592  \\$aPublisher supplied data
=593  \\$aPubAg article
=593  \\$cUSDA submission
=650  \3$asimulation models
=650  \3$aclearcutting
=650  \3$aclimate change
=650  \3$aforest management
=650  \3$alowland forests
=650  \3$agroundwater
=650  \3$ahydrologic models
=650  \3$awater table
=653  \0$aMIKE SHE model
=653  \0$ahydrology
=700  1\$aSun, Ge$eauthor$uSouthern Global Change Program, Southern Research Station, USDA Forest Service, 920 Main Campus Drive, Venture II, Suite 300, Raleigh, North Carolina, USA 27606
=700  1\$aMcNulty, Steven G.$eauthor$uSouthern Global Change Program, Southern Research Station, USDA Forest Service, 920 Main Campus Drive, Venture II, Suite 300, Raleigh, North Carolina, USA 27606
=700  1\$aComerford, Nicholas B.$eauthor$uSoil and Water Science Department, University of Florida, 2169 McCarty Hall Box 110290, Gainesville, Florida, USA 32611
=773  0\$tWetlands.$g2009 Sept., v. 29, no. 3 p.826-836$dThe Society of Wetland Scientists$x0277-5212$7nnas
=787  1\$oproduct_pubag
=787  1\$oislandora_article_repository
=787  1\$oislandora_pubag_with_text
=787  1\$o(Journal)jnl57834
=852  \\$aDNAL
=856  40$uhttps://handle.nal.usda.gov/10113/37916$3Available in the National Agricultural Library PubAg search system
=856  40$uhttp://dx.doi.org/10.1672/07-162.1$3Available from publisher's Web site
=912  \\$aArticle
=914  \\$aJournal:jnl57834$b0277-5212$c29$d3$e826-836
=914  \\$fWetlands
=917  \\$aissued
=918  2\$aBioOne$eprovider$5DNAL
=930  \\$a20100127$b20100205$c00000000
=935  \\$aIND44305658$9ExL
=945  \\$aIND$dLYN$e2010/01/27
=949  \\$a2016-09-13
=952  \\$a20100127 20100205 00000000$bIND LYN 2010/01/27
=953  \\$aWETLv29i3-04290118-175309.zip
=961  \\$aUSDA/FS
=974  \\$aagid:37916
=984  \\$a2018-05-25
=985  \\$aConverted from MARCXML to MODS version 3.4 using MARC21slim2MODS3-4.xsl (Revision 1.95 2014/04/23)
=986  \\$a4305658

