=LDR  04630nab a2201057 u 4500
=001  9916269273907426
=005  20221118034434.0
=008  100129e201003\\xx\|||||o|||||||||||eng||
=016  7\$aIND44319405$2DNAL
=024  7\$a10.1111/j.1365-2745.2009.01618.x$2doi
=024  7\$a10113/44333$2hdl
=035  \\$aagid:44333-01nal_inst
=040  \\$aAGL$beng$cAGL
=072  \0$aF200
=072  \0$aF600
=072  \0$aB200
=072  \0$aJ200
=100  1\$aTravers, Steven E.
=245  10$aVariation in gene expression of Andropogon gerardii in response to altered environmental conditions associated with climate change
=300  \\$ap. 374-383.
=500  \\$aIncludes references
=500  \\$a2019-12-06
=520  \\$a1. If we are to understand the mechanisms underlying species responses to climate change in natural systems, studies are needed that focus on responses of non-model species under field conditions. We measured transcriptional profiles of individuals of Andropogon gerardii, a C₄ grass native to North American grasslands, in a field experiment in which both temperature and precipitation were manipulated to simulate key aspects of forecasted climate change. 2. By using microarrays developed for a closely related model species, Zea mays, we were able to compare the relative influence of warming versus altered soil moisture availability on expression levels of over 7000 genes, identify responsive functional groups of genes and correlate changes in gene transcription with physiological responses. 3. We observed more statistically significant shifts in transcription levels of genes in response to thermal stress than in response to water stress. We also identified candidate genes that demonstrated transcription levels closely associated with physiological variables, in particular chlorophyll fluorescence. 4.Synthesis. These results suggest that an ecologically important species responds differently to different environmental aspects of forecast climate change. These translational changes have the potential to influence phenotypic characters and ultimately adaptive responses.
=593  \\$aPubAg article
=593  \\$cUSDA submission
=650  \3$ametagenomics
=650  \3$agrasses
=650  \3$aZea mays
=650  \3$asoil water content
=650  \3$amicroarray technology
=650  \3$atranscription (genetics)
=650  \3$agene expression
=650  \3$aheat stress
=650  \3$awater stress
=650  \3$aplant response
=650  \3$aAndropogon gerardii
=650  \3$aglobal warming
=650  \3$aphenotypic variation
=650  \3$atemperature
=650  \3$agenes
=650  \3$aclimatic factors
=653  \0$atallgrass prairie
=653  \0$agene function
=653  \0$aprecipitation
=653  \0$aprecipitation variability
=653  \0$atranscription profile
=653  \0$aRainfall Manipulation Plots
=653  \0$aenrichment analysis
=653  \0$aclimate change
=653  \0$amicroarray
=653  \0$anon-model species
=653  \0$aplant physiology
=653  \0$awarming
=653  \0$aGene Ontology
=653  \0$aadaptation
=653  \0$aenvironmental factors
=700  1\$aTang, Zhongwen
=700  1\$aCaragea, Doina
=700  1\$aGarrett, Karen A.
=700  1\$aHulbert, Scott H.
=700  1\$aLeach, Jan E.
=700  1\$aBai, Jianfa
=700  1\$aSaleh, Amgad
=700  1\$aKnapp, Alan K.
=700  1\$aFay, Philip A.
=700  1\$aNippert, Jesse
=700  1\$aSchnable, Patrick S.
=700  1\$aSmith, Melinda D.
=773  0\$tJournal of ecology.$g2010 Mar., v.  98, no.  2 p.374-383$dBlackwell Publishing Ltd$x0022-0477$7nnas
=787  1\$oproduct_pubag
=787  1\$oislandora_article_repository
=787  1\$oislandora_pubag_with_text
=787  1\$o(Journal)jnl44660
=852  \\$aDNAL
=856  40$uhttps://handle.nal.usda.gov/10113/44333$3Available in the National Agricultural Library PubAg search system
=856  40$uhttp://dx.doi.org/10.1111/j.1365-2745.2009.01618.x$3Available from publisher's Web site
=912  \\$aArticle
=914  \\$aJournal:jnl44660$b0022-0477$c98$d2$e374
=914  \\$fJournal of ecology
=917  \\$aissued
=930  \\$a20101025$b20101108$c00000000
=935  \\$aIND44319405$9ExL
=945  \\$aIND$dLYN$e2010/10/12
=946  \\$aNon-US
=949  \\$a2016-09-13
=952  \\$a20101025 20101108 00000000$bIND LYN 2010/10/12
=961  \\$aUSDA/ARS
=974  \\$aagid:44333
=984  \\$a2012-06-07
=985  \\$aConverted from MARCXML to MODS version 3.4 using MARC21slim2MODS3-4.xsl (Revision 1.95 2014/04/23)
=986  \\$a4319405

