=LDR  06024nab a2200793 u 4500
=001  9916270383107426
=005  20221118041008.0
=008  160903e201501\\xx\|||||o|||||||||||eng||
=016  7\$aIND605479120$2DNAL
=024  7\$a10.1890/13-0906.1$2doi
=035  \\$aagid:5479120-01nal_inst
=040  \\$aAGL$beng$cAGL
=100  1\$aYospin, Gabriel I.$eauthor$uInstitute on Ecosystems, Montana State University, 106 AJM Johnson Hall, Bozeman, Montana 59717-3490 USA
=245  12$aA new model to simulate climate‐change impacts on forest succession for local land management
=300  \\$ap. 226-242.
=500  \\$aJOURNAL ARTICLE
=520  \\$aWe developed a new climate‐sensitive vegetation state‐and‐transition simulation model (CV‐STSM) to simulate future vegetation at a fine spatial grain commensurate with the scales of human land‐use decisions, and under the joint influences of changing climate, site productivity, and disturbance. CV‐STSM integrates outputs from four different modeling systems. Successional changes in tree species composition and stand structure were represented as transition probabilities and organized into a state‐and‐transition simulation model. States were characterized based on assessments of both current vegetation and of projected future vegetation from a dynamic global vegetation model (DGVM). State definitions included sufficient detail to support the integration of CV‐STSM with an agent‐based model of land‐use decisions and a mechanistic model of fire behavior and spread. Transition probabilities were parameterized using output from a stand biometric model run across a wide range of site productivities. Biogeographic and biogeochemical projections from the DGVM were used to adjust the transition probabilities to account for the impacts of climate change on site productivity and potential vegetation type. We conducted experimental simulations in the Willamette Valley, Oregon, USA. Our simulation landscape incorporated detailed new assessments of critically imperiled Oregon white oak (Quercus garryana) savanna and prairie habitats among the suite of existing and future vegetation types. The experimental design fully crossed four future climate scenarios with three disturbance scenarios. CV‐STSM showed strong interactions between climate and disturbance scenarios. All disturbance scenarios increased the abundance of oak savanna habitat, but an interaction between the most intense disturbance and climate‐change scenarios also increased the abundance of subtropical tree species. Even so, subtropical tree species were far less abundant at the end of simulations in CV‐STSM than in the dynamic global vegetation model simulations. Our results indicate that dynamic global vegetation models may overestimate future rates of vegetation change, especially in the absence of stand‐replacing disturbances. Modeling tools such as CV‐STSM that simulate rates and direction of vegetation change affected by interactions and feedbacks between climate and land‐use change can help policy makers, land managers, and society as a whole develop effective plans to adapt to rapidly changing climate.
=592  \\$aPublisher supplied data
=593  \\$aPubAg article
=650  \3$aQuercus garryana
=650  \3$abiogeography
=650  \3$aclimate
=650  \3$aclimate change
=650  \3$aexperimental design
=650  \3$afire behavior
=650  \3$aforest succession
=650  \3$ahabitats
=650  \3$ahumans
=650  \3$aissues and policy
=650  \3$aland use change
=650  \3$alandscapes
=650  \3$amanagers
=650  \3$amechanistic models
=650  \3$asavannas
=650  \3$asimulation models
=650  \3$asociety
=650  \3$aspecies diversity
=650  \3$astand composition
=650  \3$astand structure
=650  \3$atrees
=651  \3$aOregon
=700  1\$aBridgham, Scott D.$eauthor$uEnvironmental Sciences Institute and Institute of Ecology and Evolution, University of Oregon, 5289 University of Oregon, Eugene, Oregon 97403 USA
=700  1\$aNeilson, Ronald P.$eauthor$uBotany and Plant Pathology, Oregon State University, 1895 S.W. Whiteside Drive, Corvallis, Oregon 97333 USA
=700  1\$aBolte, John P.$eauthor$uBiological and Ecological Engineering, Oregon State University, Corvallis, Oregon 97331 USA
=700  1\$aBachelet, Dominique M.$eauthor$uConservation Biology Institute, 136 SW Washington Avenue, Suite 202, Corvallis, Oregon 97333 USA
=700  1\$aGould, Peter J.$eauthor$uWashington Department of Natural Resources, 1111 Washington Street SE, Olympia, Washington 98504-7014 USA
=700  1\$aHarrington, Constance A.$eauthor$uUSDA Forest Service, Pacific Northwest Research Station, 3625 93rd Avenue SW, Olympia, Washington 98512-9193 USA
=700  1\$aKertis, Jane A.$eauthor$uUSDA Forest Service, Siuslaw National Forest, 3200 SW Jefferson Way, Corvallis, Oregon 97331 USA
=700  1\$aEvers, Cody$eauthor$uLandscape Architecture, University of Oregon, 5234 University of Oregon, Eugene, Oregon 97403 USA
=700  1\$aJohnson, Bart R.$eauthor$uLandscape Architecture, University of Oregon, 5234 University of Oregon, Eugene, Oregon 97403 USA
=773  0\$tEcological applications.$g2015 Jan., v. 25, no. 1 p.226-242$dEcological Society of America$x1051-0761$7nnas
=787  1\$oislandora_article_repository
=787  1\$oproduct_pubag
=787  1\$o(Journal)jnl47193
=856  40$uhttp://dx.doi.org/10.1890/13-0906.1$3Available from publisher's site
=912  \\$aArticle
=914  \\$aJournal:jnl47193$b1051-0761$c25$d1$e226
=914  \\$fEcological applications
=916  \\$aBatch:1518
=917  \\$aissued
=918  2\$aJohn Wiley & Sons, Inc$eprovider$5DNAL
=935  \\$aIND605479120$9ExL
=949  \\$a2017-02-16
=953  \\$a10510761_2015_25_1.xml
=961  \\$aUSDA/FS
=962  \\$aBatch:1518 reviewed on 2017-02-16T10:00:02Z
=974  \\$aagid:5479120
=983  \\$a2016-09-03
=984  \\$a2017-02-16

