=LDR  05398nab a2200829 u 4500
=001  9916271673707426
=005  20221118044536.0
=008  100326e201005\\xx\|||||o|||||||||||eng||
=016  7\$aIND44345807$2DNAL
=024  7\$a10.1016/j.apsoil.2010.01.006$2doi
=024  7\$a10113/41829$2hdl
=035  \\$aagid:41829-01nal_inst
=040  \\$aAGL$beng$cAGL
=072  \0$aJ100
=072  \0$aB200
=072  \0$aW000
=072  \0$aF600
=072  \0$aK001
=100  1\$aRygiewicz, Paul T.
=245  10$aSoil life in reconstructed ecosystems: Initial soil food web responses after rebuilding a forest soil profile for a climate change experiment
=300  \\$ap. 26-38.
=500  \\$aIncludes references
=500  \\$a2019-12-06
=520  \\$aDisrupting ecosystem components, while transferring and reconstructing them for experiments can produce myriad responses. Establishing the extent of these biological responses as the system approaches a new equilibrium allows us more reliably to emulate comparable native systems. That is, the sensitivity of analyzing ecosystem processes in a reconstructed system is improved by excluding the period when observed phenomena are primarily responses caused by establishing the experiment rather than effects of imposed treatments; achieved by determining the extent of any pulse of activity caused by preparatory procedures. A native forest soil was physically disrupted when it was collected, sieved, and then rebuilt in lysimeters in a controlled-environment study evaluating the influence of elevated atmospheric CO₂ concentration and elevated atmospheric temperature on the reconstructed soil that was planted with Douglas-fir (Pseudotsuga menziesii Mirb. Franco) seedlings. Generally, soil food web populations responded in two phases during the exposure as indicated by preliminary evaluation of the 4.5-year dataset. Also, previous work indicated that relatively elevated soil CO₂ effluxes occurred during the first phase, suggesting that food web populations may have responded to carbon sources made available when the soil was harvested and its profile reconstructed in the lysimeters. Results are presented for bacterial and fungal biomass, numbers of protozoa and nematodes to gain insight on whether the first phase responses are attributable to the acute stress of physically disrupting the soil. We found clear relationships between changes in predator and prey populations. A prominent spike for many of the food web populations occurred the year after the climate exposures began. Except for total bacterial biomass and total fungal-hyphae biomass, overall food web responses generally were unrelated to treatments. It appears that initial food web population responses were related to increased availability of soil carbon caused by establishing the experiment. Our results provide insights into determining the length of time to maintain reconstructed forest ecosystems before responses are observed related to experimental treatments. It appears that as long as 3 years elapsed before the soil food web appeared to recover from the acute physical disturbance; 1 year of recovery prior to commencing the climate exposures to allow the soil to rest after it was reconstructed, plus approximately the first 2 years of maintaining the climate treatments. Accounting for consequences of such periods of adjustment is critical for forecasting whether comparable natural ecosystems will be net sources or sinks of elevated concentrations of atmospheric CO₂.
=593  \\$aPubAg article
=593  \\$cUSDA submission
=650  \3$asoil fungi
=650  \3$acarbon dioxide
=650  \3$asoil bacteria
=650  \3$aforest trees
=650  \3$asoil nematodes
=650  \3$aair temperature
=650  \3$aProtozoa
=650  \3$asoil food webs
=650  \3$aclimate change
=650  \3$aelevated atmospheric gases
=650  \3$alysimeters
=650  \3$apredator-prey relationships
=650  \3$aforest soils
=650  \3$aecological restoration
=650  \3$aecosystems
=650  \3$aPseudotsuga menziesii
=650  \3$adisturbed soils
=650  \3$apopulation ecology
=653  \0$asoil ecology
=700  1\$aMonleon, Vicente J.
=700  1\$aIngham, Elaine R.
=700  1\$aMartin, Kendall J.
=700  1\$aJohnson, Mark G.
=773  0\$tApplied soil ecology.$g2010 May, v.  45, no.  1 p.26-38$dElsevier Science$x0929-1393$7nnas
=787  1\$oproduct_pubag
=787  1\$oislandora_article_repository
=787  1\$oislandora_pubag_with_text
=787  1\$o(Journal)jnl55717
=852  \\$aDNAL
=856  40$uhttps://handle.nal.usda.gov/10113/41829$3Available in the National Agricultural Library PubAg search system
=856  40$uhttp://dx.doi.org/10.1016/j.apsoil.2010.01.006$3Available from publisher's Web site
=912  \\$aArticle
=914  \\$aJournal:jnl55717$b0929-1393$c45$d1$e26
=914  \\$fApplied soil ecology
=917  \\$aissued
=930  \\$a20110518$b20110603$c00000000
=935  \\$aIND44345807$9ExL
=945  \\$aIND$d9CT$e2010/05/05
=946  \\$aNon-US
=949  \\$a2016-09-13
=952  \\$a20110518 20110603 00000000$bIND 9CT 2010/05/05
=961  \\$aUSDA/FS
=974  \\$aagid:41829
=984  \\$a2011-06-03
=985  \\$aConverted from MARCXML to MODS version 3.4 using MARC21slim2MODS3-4.xsl (Revision 1.95 2014/04/23)
=986  \\$a4345807

