=LDR  04748nab a2200733 u 4500
=001  9916278346607426
=005  20221118041417.0
=008  211017e202111\\xx\|||||o|||||||||||eng||
=016  7\$aIND607481073$2DNAL
=024  7\$a10.1016/j.ttbdis.2021.101812$2doi
=035  \\$aagid:7481073-01nal_inst
=040  \\$aAGL$beng$cAGL
=100  1\$aAguilar-Domínguez, Mariel$eauthor$uLaboratorio de Parasitología, Rancho Torreón del Molino, Facultad de Medicina Veterinaria y Zootecnia, Universidad Veracruzana, Circunvalación y Yáñez s/n, C.P. 91710 Veracruz, México
=245  10$aPotential distribution of Amblyomma mixtum (Koch, 1844) in climate change scenarios in the Americas
=520  \\$aAmblyomma mixtum is a Neotropical generalist tick of medical and veterinary importance which is widely distributed from United States of America to Ecuador. The aim of this study was to evaluate changes in the geographic projections of the ecological niche models of A. mixtum in climate change scenarios in America. We constructed a database of published scientific publications, personal collections, personal communications, and online databases. Ecological niche modelling was performed with 15 Bioclimatic variables using kuenm in R and was projected to three time periods (Last Glacial Maximum, Current and 2050) for America. Our model indicated a wide distribution for A. mixtum, with higher probability of occurrence along the Gulf of Mexico and occurring in a lesser proportion in the Pacific states, Central America, and the northern part of South America. The areas of new invasion are located mainly on the border of Mexico with Guatemala and Belize, some regions of Central America and Colombia. We conclude that the ecological niche modelling are effective tools to infer the potential distribution of A. mixtum in America, in addition to helping to propose future measures of epidemiological control and surveillance in the new potential areas of invasion.
=592  \\$aPublisher supplied data
=593  \\$aPubAg article
=650  \3$aAmblyomma mixtum
=650  \3$aNeotropics
=650  \3$aclimate change
=650  \3$adatabases
=650  \3$amodels
=650  \3$amonitoring
=650  \3$aniches
=650  \3$aprobability
=650  \3$aticks
=651  \3$aBelize
=651  \3$aColombia
=651  \3$aEcuador
=651  \3$aGuatemala
=651  \3$aGulf of Mexico
=651  \3$aMexico
=653  \0$aPotential distribution
=653  \0$aEcological niche modelling
=653  \0$aEctoparasite
=653  \0$aKuenm
=653  \0$aAmerica
=700  1\$aMoo-Llanes, David A.$eauthor$uCentro Regional de Investigación en Salud Pública, Instituto Nacional de Salud Pública, Tapachula 30700, Chiapas, México
=700  1\$aSánchez-Montes, Sokani$eauthor$uFacultad de Ciencias Biológicas y Agropecuarias, Región Tuxpan, Universidad Veracruzana, Tuxpan de Rodríguez Cano, 92870 Veracruz, México$1https://orcid.org/0000-0001-6316-2187
=700  1\$aBecker, Ingeborg$eauthor$uCentro de Medicina Tropical, División de Investigación, Facultad de Medicina, Universidad Nacional Autónoma de México, Mexico City, 06726, México
=700  1\$aFeria-Arroyo, Teresa Patricia$eauthor$uDepartment of Biology, The University of Texas Rio Grande Valley, 1201W University Drive Edinburg, TX 78539, USA.
=700  1\$ade León, Adalberto Pérez$eauthor$uUSDA-ARS Knipling-Bushland U.S. Livestock Insects Research Laboratory and Veterinary Pest Genomics Center, Kerrville, TX, USA$1https://orcid.org/0000-0002-4115-7747
=700  1\$aRomero-Salas, Dora$eauthor$uLaboratorio de Parasitología, Rancho Torreón del Molino, Facultad de Medicina Veterinaria y Zootecnia, Universidad Veracruzana, Circunvalación y Yáñez s/n, C.P. 91710 Veracruz, México
=773  0\$tTicks and tick-borne diseases.$g2021 Nov., v. 12, no. 6 p.101812-$dElsevier GmbH$wJournal:6305$x1877-959X$7nnas
=787  1\$oislandora_article_repository
=787  1\$oproduct_pubag
=787  1\$o(Journal)6305
=856  40$uhttps://dx.doi.org/10.1016/j.ttbdis.2021.101812$3Available from publisher's site
=912  \\$aArticle
=914  \\$aJournal:6305$b1877-959X$c12$d6$e101812
=914  \\$fTicks and tick-borne diseases
=916  \\$aBatch:10185
=917  \\$aissued
=918  2\$aElsevier Consyn$eprovider$5DNAL
=935  \\$aIND607481073$9ExL
=949  \\$a2022-02-22
=952  \\$dNAL-AP-2-clean
=953  \\$a/data/metadata/incoming/consyn/741433015880049376-00004-HEAD-ONLY-NEW CONSYN ISSNS.zip
=954  \\$afile:/data/metadata/staging/consyn/S1877959X21001655.xml
=955  \\$a/data/metadata/staging/consyn/
=961  \\$aUSDA/ARS
=974  \\$aagid:7481073
=983  \\$a2021-10-17
=984  \\$a2022-02-17

