=LDR  06149nab a2200889 u 4500
=001  9916279334707426
=005  20221207101657.0
=008  190628e20190720xx\|||||o|||||||||||eng||
=016  7\$aIND606394024$2DNAL
=024  7\$a10.1016/j.agwat.2019.04.021$2chorus
=024  7\$a10.1016/j.agwat.2019.04.021$2doi
=035  \\$aagid:6394024-01nal_inst
=040  \\$aAGL$beng$cAGL
=100  1\$aChen, Yong$eauthor$uDepartment of Ecosystem Science and Management, Texas A&M University, 2138 TAMU, College Station, TX 77843, USA
=245  10$aSimulating the impacts of climate change on hydrology and crop production in the Northern High Plains of Texas using an improved SWAT model
=300  \\$ap. 13-24.
=506  \\$aResource is Open Access$uhttp://purl.org/eprint/accessRights/OpenAccess
=506  \\$aCHORUS License Information
=520  \\$aModeling the effects of climate change on hydrology and crop yield provides opportunities for choosing appropriate crops for adapting to climate change. In this study, climate change impacts on irrigated corn and sorghum, dryland (rainfed) sorghum, and continuous fallow in the Northern High Plains of Texas were evaluated using an improved Soil and Water Assessment Tool (SWAT) model equipped with management allowed depletion (MAD) irrigation scheduling. Projected climate data (2020-2099) from the Coupled Model Intercomparison Project Phase 5 (CMIP 5) of 19 General Circulation Models (GCMs) were used. Climate data were divided into four 20-year periods of near future (2020-2039), middle (2040-2059), late (2060-2079), and end (2080-2099) of the 21st century under two Representative Concentration Pathway (RCP) emission scenarios (RCP 4.5 and RCP 8.5). For irrigated corn, median annual crop evapotranspiration (ET) and irrigation decreased by 8%-25% and 15%-42%, respectively, under the climate change scenarios compared to the historical period (2001-2010). The median yield was reduced by 3%-22% with exponentially decreases in the latter half of the 21st century. For sorghum, the reduction of median annual crop ET ranged from 6%-27%. However, the decline in the median annual irrigation was within 15%, except for the 2060-2079 and 2080-2099 periods under RCP 8.5 scenarios with 30% and 49% reductions in median annual irrigation. The median irrigated sorghum yield declined by 6%-42%. The median annual crop ET of dryland sorghum decreased by 10%-16%. The reduction in median yield was within 10% of the historical dryland sorghum yield. The decrease in median annual evaporation varied from 15%-23% under future continuous fallow conditions. The elevated CO2 level of future climate scenarios was the primary factor for the decrease in the ET and irrigation. The reduction in future crop yield was mainly attributed to the shortening of the maturity period caused by increased future temperature.
=592  \\$aPublisher supplied data
=593  \\$aPubAg article
=596  \\$cAgricultural Research Service$dhttps://doi.org/10.13039/100007917
=596  \\$cKansas State University$dhttps://doi.org/10.13039/100007765
=596  \\$cTexas AgriLife Research$dhttps://doi.org/10.13039/100004913
=596  \\$cTexas Tech University$dhttps://doi.org/10.13039/100007131
=596  \\$cWest Texas A and M University$dhttps://doi.org/10.13039/100010862
=506  0\$fUnrestricted online access$2star
=650  \3$aGeneral Circulation Models
=650  \3$aSoil and Water Assessment Tool model
=650  \3$aannuals
=650  \3$aarid lands
=650  \3$acarbon dioxide enrichment
=650  \3$aclimate
=650  \3$aclimate change
=650  \3$acorn
=650  \3$acrop yield
=650  \3$acrops
=650  \3$aevaporation
=650  \3$aevapotranspiration
=650  \3$afallow
=650  \3$airrigation scheduling
=650  \3$ameteorological data
=650  \3$atemperature
=651  \3$aTexas
=653  \0$aDryland
=653  \0$aFallow
=653  \0$aGeneral circulation model (GCM)
=653  \0$aIrrigation
=653  \0$aEvapotranspiration
=653  \0$aYield
=700  1\$aMarek, Gary W.$eauthor$uUSDA-ARS Conservation and Production Research Laboratory, 300 Simmons Rd., Unit 10, Bushland, TX 79012, USA
=700  1\$aMarek, Thomas H.$eauthor$uTexas A&M AgriLife Research, Texas A&M AgriLife Research and Extension Center, 6500 Amarillo Blvd W, Amarillo, TX 79106, USA
=700  1\$aMoorhead, Jerry E.$eauthor$uUSDA-ARS Conservation and Production Research Laboratory, 300 Simmons Rd., Unit 10, Bushland, TX 79012, USA
=700  1\$aHeflin, Kevin R.$eauthor$uTexas A&M AgriLife Research, Texas A&M AgriLife Research and Extension Center, 6500 Amarillo Blvd W, Amarillo, TX 79106, USA
=700  1\$aBrauer, David K.$eauthor$uUSDA-ARS Conservation and Production Research Laboratory, 300 Simmons Rd., Unit 10, Bushland, TX 79012, USA
=700  1\$aGowda, Prasanna H.$eauthor$uUSDA-ARS Grazinglands Research Laboratory, 7207 West Cheyenne Street, El Reno, OK 73036, USA$1https://orcid.org/0000-0001-8782-6953
=700  1\$aSrinivasan, Raghavan$eauthor$uDepartment of Ecosystem Science and Management, Texas A&M University, 2138 TAMU, College Station, TX 77843, USA
=773  0\$tAgricultural water management.$g2019 July 20, v. 221 p.13-24$dElsevier B.V.$aElsevier B.V.$wJournal:jnl8460$x0378-3774$7nnas
=787  1\$oislandora_article_repository
=787  1\$oproduct_pubag
=787  1\$o(Journal)jnl8460
=856  40$uhttps://dx.doi.org/10.1016/j.agwat.2019.04.021$3Available from publisher's site
=912  \\$aArticle
=914  \\$aJournal:jnl8460$b0378-3774$c221$e13
=914  \\$fAgricultural water management
=916  \\$aBatch:2220
=917  \\$aissued
=918  2\$aElsevier Consyn$eprovider$5DNAL
=935  \\$aIND606394024$9ExL
=949  \\$a2019-06-28
=953  \\$a/data/metadata/incoming/consyn/712145934596777880-00003-HEAD-ONLY-NEW CONSYN ISSNS.zip
=954  \\$afile:/data/metadata/staging/consyn/S0378377418317980.xml
=955  \\$a/data/metadata/staging/consyn/
=961  \\$aUSDA/ARS
=974  \\$aagid:6394024
=983  \\$a2019-06-28
=984  \\$a2022-10-04

