=LDR  03837nab a2200553 u 4500
=001  9916285725407426
=005  20221118080913.0
=008  200615s2019\\\\xx\|||||o|||||||||||eng||
=016  7\$aIND606986749$2DNAL
=024  7\$a10.17660/ActaHortic.2019.1257.25$2doi
=035  \\$aagid:6986749-01nal_inst
=040  \\$aAGL$beng$cAGL
=100  1\$aMarko, N.$eauthor$uFSFIS 'The Labor Red Banner Order Nikitsky Botanical  Gardens - National Scientific Center of the RAS', 298648, Nikita, Yalta, Crimea, Russia
=245  10$aPhenological response to the climate change of oil-bearing rose under subtropical conditions of the southern coast of the Crimea
=300  \\$ap. 175-182.
=500  \\$aPaper presented at the XXX International Horticultural Congress IHC2018: International Symposium on Tropical and Subtropical Vegetable Production: Tackling Present and Future Global Biotic and Abiotic Stressors held August 12-16, 2018 Istanbul, Turkey
=520  \\$aTemperature is a critical cue for most rose species and some cultivars to bloom as they have an obligate vernalization requirement for flowering. Optimization of rose flower yield requires the ability to predict the response of plants to various environmental conditions, particularly air temperature. The aim of the present study was analyzed the quantitative response for the beginning of oil-bearing rose blossom to temperature. Three phenological models were examined with respect to their suitability to estimate possible shifts in the timing terms blossom of oil-bearing rose due to climate change. One of the approach was pure forcing model (F) and the remaining two models were combined parallel and sequential chilling-forcing (CF) models. The starting date of temperature accumulation, base temperature and the forcing requirements were optimized on the basis of observed data. The starting date of the models was set to 1 November (CF) and 1 January (F). Phenological observations and temperature data in the period 1968-2017 were used to fit these models. Root mean square errors (RMSE) between modeled and observed oil-bearing rose blossom data varied from 4.9 to 6.2 days. The percentages of variance explained by the flowering models were mean from 62 to 89%. The present study showed that the beginning of rose's blossom has moved forward since 1968 due to climate change slightly (average 2-3 days) however average air temperature during flowering since 2000 increased by 0.9 degrees. This study was funded by a research grant Nº 14-50-00079 of the Russian Science Foundation.
=593  \\$aPubAg article
=593  \\$dKeyed article
=595  \\$a555$balice.allen$c2020-06-18$damanda.xu$e2020-06-27
=650  \3$aair temperature
=650  \3$aclimate change
=650  \3$acoasts
=650  \3$acultivars
=650  \3$aenvironmental factors
=650  \3$aflowering
=650  \3$aflowers
=650  \3$amodels
=650  \3$aphenology
=650  \3$avariance
=650  \3$avernalization
=700  1\$aKorsakova, S.$eauthor$uFSFIS 'The Labor Red Banner Order Nikitsky Botanical  Gardens - National Scientific Center of the RAS', 298648, Nikita, Yalta, Crimea, Russia
=773  0\$tActa horticulturae.$g2019, , no. 1257 p.175-182$dInternational Society for Horticultural Science.$wJournal:jnl46289$x0567-7572$7nnas
=787  1\$oislandora_article_repository
=787  1\$oproduct_pubag
=787  1\$o(Journal)jnl46289
=856  40$uhttp://dx.doi.org/10.17660/ActaHortic.2019.1257.25
=912  \\$aArticle
=914  \\$aJournal:jnl46289
=914  \\$fActa horticulturae
=916  \\$aBatch:2621
=917  \\$aissued
=935  \\$aIND606986749$9ExL
=949  \\$a2020-12-04
=961  \\$aUSDA
=962  \\$aUSDA Scientist Submission; eISSN 2406-6168
=974  \\$aagid:6986749
=983  \\$a2020-06-15
=984  \\$a2020-12-04

