=LDR  03764nab a2200673 u 4500
=001  9916285898907426
=005  20221118080714.0
=008  180514e201511\\xx\|||||o|||||||||||eng||
=016  7\$aIND605944426$2DNAL
=024  7\$a10.25225/fozo.v64.i3.a4.2015$2doi
=035  \\$aagid:5944426-01nal_inst
=040  \\$aAGL$beng$cAGL
=100  1\$aGalbreath, Kurt E.$eauthor$uDepartment of Biology, Northern Michigan University, 1401 Presque Isle Ave, Marquette, MI 49855, U.S.A.; e-mail: kgalbrea@nmu.edu
=245  10$aHost responses to cycles of climate change shape parasite diversity across North America's Intermountain West
=300  \\$ap. 218-232.
=520  \\$aHost-parasite cospeciation, in which parasite divergence occurs in response to host divergence, is commonly proposed as a driver of parasite diversification, yet few empirical examples of strict cospeciation exist. Host-parasite co-evolutionary histories commonly reflect complex mosaics of cospeciation, dispersal, lineage extinction and other phenomena. The episodic host-switching model of parasite diversification accounts for complexity by suggesting that diversification and faunal assembly is a consequence of fluctuation between environmental disruption and environmental stability. The phylogeographic predictions of the strict cospeciation and episodic host-switching models were tested using the North American pika/parasite assemblage, with a primary focus on the American pika, Ochotona princeps (Richardson, 1828), and a suite of its endoparasitic cestodes and nematodes. This approach integrating phylogeographic and demographic methods with inferences drawn from species distribution modelling revealed that the parasite community of pikas has been shaped by climate-driven range fluctuation of hosts and bouts of geographic and host colonization by parasites associated with transitions between glacial and interglacial phases.
=592  \\$aPublisher supplied data
=593  \\$aPubAg article
=650  \3$aCestoda
=650  \3$aNematoda
=650  \3$aOchotona princeps
=650  \3$aclimate change
=650  \3$aendoparasites
=650  \3$aextinction
=650  \3$afauna
=650  \3$ahosts
=650  \3$amodels
=650  \3$aphylogeography
=650  \3$aprediction
=651  \3$aIntermountain West region
=651  \3$aNorth America
=653  \0$acomparative phylogeography
=653  \0$aco-evolution
=653  \0$ahost-switching
=653  \0$ahistorical demography
=653  \0$aPleistocene
=700  1\$aHoberg, Eric P.$eauthor$uUnited States National Parasite Collection, ARS USDA, Animal Parasitic Diseases Laboratory, BARC East 1180, Beltsville, MD 20705, U.S.A.; e-mail: eric.hoberg@ars.usda.gov
=773  0\$tFolia zoologica.$g2015 Nov., v. 64, no. 3 p.218-232$dInstitute of Vertebrate Biology, Academy of Sciences of the Czech Republic$wJournal:14572$x0139-7893$7nnas
=787  1\$oislandora_article_repository
=787  1\$oproduct_pubag
=787  1\$o(Journal)14572
=856  40$uhttp://dx.doi.org/10.25225/fozo.v64.i3.a4.2015$3Available from publisher's site
=912  \\$aArticle
=914  \\$aJournal:14572$b0139-7893$c64$d3$e218
=914  \\$fFolia zoologica
=916  \\$aBatch:2210
=917  \\$aissued
=918  2\$aBioOne$eprovider$5DNAL
=935  \\$aIND605944426$9ExL
=949  \\$a2019-10-16
=953  \\$a/data/metadata/incoming/bioone/FOZOv64i3-01020706-827432.zip
=954  \\$afile:/data/metadata/staging/bioone/fozo.v64.i3.a4.2015.xml
=955  \\$a/data/metadata/staging/bioone/
=961  \\$aUSDA/ARS
=962  \\$aBatch:2210 reviewed on 2019-06-05T14:00:03Z
=962  \\$aBatch:2210 reviewed on 2019-10-16T15:00:03Z
=974  \\$aagid:5944426
=983  \\$a2018-05-14
=984  \\$a2019-10-16

