=LDR  04497nab a2200937 u 4500
=001  9916286306707426
=005  20221118085232.0
=008  090206e200903\\xx\|||||o|||||||||||eng||
=016  7\$aIND44158805$2DNAL
=024  7\$a10.1111/j.1365-2486.2008.01659.x$2doi
=024  7\$a10113/40874$2hdl
=035  \\$aagid:40874-01nal_inst
=040  \\$aAGL$beng$cAGL
=072  \0$aF300
=072  \0$aB200
=072  \0$aX100
=072  \0$aJ500
=072  \0$aJ100
=100  1\$aSmithwick, E.A.H.
=245  10$aModeling the effects of fire and climate change on carbon and nitrogen storage in lodgepole pine (Pinus contorta) stands
=300  \\$ap. 535-548.
=500  \\$aIncludes references
=500  \\$a2019-12-05
=520  \\$aThe interaction between disturbance and climate change and resultant effects on ecosystem carbon (C) and nitrogen (N) fluxes are poorly understood. Here, we model (using CENTURY version 4.5) how climate change may affect C and N fluxes among mature and regenerating lodgepole pine (Pinus contorta var. latifolia Engelm. ex S. Wats.) stands that vary in postfire tree density following stand-replacing fire. Both young (postfire) and mature stands had elevated forest production and net N mineralization under future climate scenarios relative to current climate. Forest production increased 25% [Hadley (HAD)] to 36% [Canadian Climate Center (CCC)], compared with 2% under current climate, among stands that varied in stand age and postfire density. Net N mineralization increased under both climate scenarios, e.g., +19% to 37% (HAD) and +11% to 23% (CCC), with greatest increases for young stands with sparse tree regeneration. By 2100, total ecosystem carbon (live+dead+soils) in mature stands was higher than prefire levels, e.g., +16% to 19% (HAD) and +24% to 28% (CCC). For stands regenerating following fire in 1988, total C storage was 0-9% higher under the CCC climate model, but 5-6% lower under the HAD model and 20-37% lower under the Control. These patterns, which reflect variation in stand age, postfire tree density, and climate model, suggest that although there were strong positive responses of lodgepole pine productivity to future changes in climate, C flux over the next century will reflect complex relationships between climate, age structure, and disturbance-recovery patterns of the landscape.
=593  \\$aPubAg article
=593  \\$cUSDA submission
=650  \3$acarbon
=650  \3$acarbon sequestration
=650  \3$aforest growth
=650  \3$aforest stands
=650  \3$amineralization
=650  \3$asimulation models
=650  \3$aforest trees
=650  \3$aPinus contorta var. latifolia
=650  \3$afires
=650  \3$aclimate change
=650  \3$astand density
=650  \3$atemperature
=650  \3$aclimatic factors
=650  \3$aprediction
=650  \3$anitrogen
=650  \3$aage structure
=650  \3$anutrient availability
=650  \3$aforest regeneration
=650  \3$aglobal carbon budget
=651  \3$aWyoming
=653  \0$acarbon flux
=653  \0$aYellowstone National Park
=653  \0$abiogeochemical cycles
=653  \0$aprecipitation
=653  \0$aserotiny
=653  \0$aforest-atmosphere relations
=653  \0$aCENTURY model
=700  1\$aRyan, M.G.
=700  1\$aKashian, D.M.
=700  1\$aRomme, W.H.
=700  1\$aTinker, D.B.
=700  1\$aTurner, M.G.
=773  0\$tGlobal change biology.$g2009 Mar., v.  15, no.  3 p.535-548$dBlackwell Publishing Ltd$x1354-1013$7nnas
=787  1\$oproduct_pubag
=787  1\$oislandora_article_repository
=787  1\$oislandora_pubag_with_text
=787  1\$o(Journal)jnl57021
=852  \\$aDNAL
=856  40$uhttps://handle.nal.usda.gov/10113/40874$3Available in the National Agricultural Library PubAg search system
=856  40$uhttp://dx.doi.org/10.1111/j.1365-2486.2008.01659.x$3Available from publisher's Web site
=912  \\$aArticle
=914  \\$aJournal:jnl57021$b1354-1013$c15$d3$e535
=914  \\$fGlobal change biology
=917  \\$aissued
=930  \\$a20100426$b20100501$c00000000
=935  \\$aIND44158805$9ExL
=945  \\$aIND$dLYN$e2010/04/26
=946  \\$aNon-US
=949  \\$a2016-09-13
=952  \\$a20100426 20100501 00000000$bIND LYN 2010/04/26
=961  \\$aUSDA/FS
=974  \\$aagid:40874
=984  \\$a2010-05-01
=985  \\$aConverted from MARCXML to MODS version 3.4 using MARC21slim2MODS3-4.xsl (Revision 1.95 2014/04/23)
=986  \\$a4158805

