=LDR  05774nab a2200781 u 4500
=001  9916287459807426
=005  20221118101452.0
=008  180102e201112\\xx\|||||o|||||||||||eng||
=016  7\$aIND605876046$2DNAL
=024  7\$a10.1890/10-2206.1$2doi
=035  \\$aagid:5876046-01nal_inst
=040  \\$aAGL$beng$cAGL
=100  1\$aMcKelvey, Kevin S.$eauthor$uUSDA Forest Service, Rocky Mountain Research Station, 800 East Beckwith, Missoula, Montana 59801 USA. kmckelvey@fs.fed.us
=245  10$aClimate change predicted to shift wolverine distributions, connectivity, and dispersal corridors
=300  \\$ap. 2882-2897.
=500  \\$aJOURNAL ARTICLE
=520  \\$aBoreal species sensitive to the timing and duration of snow cover are particularly vulnerable to global climate change. Recent work has shown a link between wolverine (Gulo gulo) habitat and persistent spring snow cover through 15 May, the approximate end of the wolverine's reproductive denning period. We modeled the distribution of snow cover within the Columbia, Upper Missouri, and Upper Colorado River Basins using a downscaled ensemble climate model. The ensemble model was based on the arithmetic mean of 10 global climate models (GCMs) that best fit historical climate trends and patterns within these three basins. Snow cover was estimated from resulting downscaled temperature and precipitation patterns using a hydrologic model. We bracketed our ensemble model predictions by analyzing warm (miroc 3.2) and cool (pcm1) downscaled GCMs. Because Moderate‐Resolution Imaging Spectroradiometer (MODIS)‐based snow cover relationships were analyzed at much finer grain than downscaled GCM output, we conducted a second analysis based on MODIS‐based snow cover that persisted through 29 May, simulating the onset of spring two weeks earlier in the year. Based on the downscaled ensemble model, 67% of predicted spring snow cover will persist within the study area through 2030-2059, and 37% through 2070-2099. Estimated snow cover for the ensemble model during the period 2070-2099 was similar to persistent MODIS snow cover through 29 May. Losses in snow cover were greatest at the southern periphery of the study area (Oregon, Utah, and New Mexico, USA) and least in British Columbia, Canada. Contiguous areas of spring snow cover become smaller and more isolated over time, but large (>1000 km²) contiguous areas of wolverine habitat are predicted to persist within the study area throughout the 21st century for all projections. Areas that retain snow cover throughout the 21st century are British Columbia, north‐central Washington, northwestern Montana, and the Greater Yellowstone Area. By the late 21st century, dispersal modeling indicates that habitat isolation at or above levels associated with genetic isolation of wolverine populations becomes widespread. Overall, we expect wolverine habitat to persist throughout the species range at least for the first half of the 21st century, but populations will likely become smaller and more isolated.
=592  \\$aPublisher supplied data
=593  \\$aPubAg article
=650  \3$aGulo gulo
=650  \3$aarithmetics
=650  \3$abasins
=650  \3$aclimate
=650  \3$aclimate change
=650  \3$aclimate models
=650  \3$ahabitats
=650  \3$ahydrologic models
=650  \3$aimage analysis
=650  \3$amoderate resolution imaging spectroradiometer
=650  \3$asnowpack
=650  \3$aspring
=650  \3$atemperature
=650  \3$awatersheds
=651  \3$aBritish Columbia
=651  \3$aColorado River
=651  \3$aMissouri River
=651  \3$aMontana
=651  \3$aNew Mexico
=651  \3$aOregon
=651  \3$aUtah
=651  \3$aWashington (state)
=700  1\$aCopeland, Jeffrey P.$eauthor$uUSDA Forest Service, Rocky Mountain Research Station, 800 East Beckwith, Missoula, Montana 59801 USA
=700  1\$aSchwartz, Michael K.$eauthor$uUSDA Forest Service, Rocky Mountain Research Station, 800 East Beckwith, Missoula, Montana 59801 USA
=700  1\$aLittell, Jeremy S.$eauthor$uUniversity of Washington Climate Impacts Group, 3737 Brooklyn Avenue NE, Seattle, Washington 98105 USA
=700  1\$aAubry, Keith B.$eauthor$uUSDA Forest Service, Pacific Northwest Research Station, 3625 93rd Avenue SW, Olympia, Washington 98512 USA
=700  1\$aSquires, John R.$eauthor$uUSDA Forest Service, Rocky Mountain Research Station, 800 East Beckwith, Missoula, Montana 59801 USA
=700  1\$aParks, Sean A.$eauthor$uUSDA Forest Service, Rocky Mountain Research Station, Aldo Leopold Wilderness Research Institute, 790 East Beckwith, Missoula, Montana 59801 USA
=700  1\$aElsner, Marketa M.$eauthor$uUniversity of Washington Climate Impacts Group, 3737 Brooklyn Avenue NE, Seattle, Washington 98105 USA
=700  1\$aMauger, Guillaume S.$eauthor$uUniversity of Washington Climate Impacts Group, 3737 Brooklyn Avenue NE, Seattle, Washington 98105 USA
=773  0\$tEcological applications.$g2011 Dec., v. 21, no. 8 p.2882-2897$dEcological Society of America$wJournal:jnl47193$x1051-0761$7nnas
=787  1\$oislandora_article_repository
=787  1\$oproduct_pubag
=787  1\$o(Journal)jnl47193
=856  40$uhttp://dx.doi.org/10.1890/10-2206.1$3Available from publisher's site
=912  \\$aArticle
=914  \\$aJournal:jnl47193$b1051-0761$c21$d8$e2882
=914  \\$fEcological applications
=916  \\$aBatch:1910
=917  \\$aissued
=918  2\$aJohn Wiley & Sons, Inc$eprovider$5DNAL
=935  \\$aIND605876046$9ExL
=949  \\$a2018-02-28
=953  \\$a10510761_2011_21_8.xml
=961  \\$aUSDA/FS
=962  \\$aBatch:1910 reviewed on 2018-02-28T15:00:02Z
=974  \\$aagid:5876046
=983  \\$a2018-01-02
=984  \\$a2018-02-28

