=LDR  05396nab a2200793 u 4500
=001  9916289194207426
=005  20221118122430.0
=008  141111e20110401xx\|||||o|||||||||||eng||
=016  7\$aIND60539633$2DNAL
=024  7\$a10.1016/j.foreco.2010.12.040$2doi
=035  \\$aagid:539633-01nal_inst
=040  \\$aAGL$beng$cAGL
=100  1\$aChmura, Daniel J.$eauthor$uDepartment of Forest Ecosystems and Society, Oregon State University, 321 Richardson Hall Corvallis, OR 97331-5752, USA
=245  10$aForest responses to climate change in the northwestern United States: Ecophysiological foundations for adaptive management
=300  \\$ap. 1121-1142.
=500  \\$a2019-12-06
=520  \\$aClimate change resulting from increased concentrations of atmospheric carbon dioxide ([CO₂]) is expected to result in warmer temperatures and changed precipitation regimes during this century. In the northwestern U.S., these changes will likely decrease snowpack, cause earlier snowmelt, increase summer evapotranspiration, and increase the frequency and severity of droughts. Elevated [CO₂] and warmer temperatures may have positive effects on growth and productivity where there is adequate moisture or growth is currently limited by cold. However, the effects of climate change are generally expected to reduce growth and survival, predispose forests to disturbance by wildfire, insects, and disease; and ultimately change forest structure and composition at the landscape scale. Substantial warming will likely decrease winter chilling resulting in delayed bud burst, and adversely affect flowering and seed germination for some species. The extent of these effects will depend on the magnitude of climate change, the abilities of individual trees to acclimate, and for tree populations to adapt in situ, or to migrate to suitable habitats. These coping mechanisms may be insufficient to maintain optimal fitness of tree populations to rapidly changing climate. Physiological responses to climatic stresses are relatively well-understood at the organ or whole-plant scale but not at the stand or landscape scale. In particular, the interactive effects of multiple stressors is not well known. Genetic and silvicultural approaches to increase adaptive capacities and to decrease climate-related vulnerabilities of forests can be based on ecophysiological knowledge. Effective approaches to climate adaptation will likely include assisted migration of species and populations, and density management. Use of these approaches to increase forest resistance and resilience at the landscape scale requires a better understanding of species adaptations, within-species genetic variation, and the mitigating effects of silvicultural treatments.
=592  \\$aPublisher supplied data
=593  \\$aPubAg article
=650  \3$aflowering
=650  \3$asnowpack
=650  \3$adrought
=650  \3$atrees
=650  \3$asummer
=650  \3$ainsects
=650  \3$aforests
=650  \3$acarbon dioxide
=650  \3$aclimate
=650  \3$abuds
=650  \3$awildfires
=650  \3$aclimate change
=650  \3$atemperature
=650  \3$acold
=650  \3$asnowmelt
=650  \3$aseed germination
=650  \3$aevapotranspiration
=650  \3$alandscapes
=650  \3$acooling
=650  \3$astress response
=650  \3$agenetic variation
=650  \3$ahabitats
=651  \3$aUnited States
=653  \0$aadaptation
=700  1\$aAnderson, Paul D.$eauthor$uUSDA Forest Service, Pacific Northwest Research Station, 3200 SW Jefferson Way, Corvallis, OR 97331-4401, USA
=700  1\$aHowe, Glenn T.$eauthor$uDepartment of Forest Ecosystems and Society, Oregon State University, 321 Richardson Hall Corvallis, OR 97331-5752, USA
=700  1\$aHarrington, Constance A.$eauthor$uUSDA Forest Service, Pacific Northwest Research Station, 3625 93rd Ave. SW, Olympia, WA 98512-1101, USA
=700  1\$aHalofsky, Jessica E.$eauthor$uUSDA Forest Service, Pacific Wildland Fire Sciences Laboratory, 400N. 34th St., Suite 201, Seattle, WA 98103-8600, USA
=700  1\$aPeterson, David L.$eauthor$uUSDA Forest Service, Pacific Wildland Fire Sciences Laboratory, 400N. 34th St., Suite 201, Seattle, WA 98103-8600, USA
=700  1\$aShaw, David C.$eauthor$uDepartment of Forest Engineering, Resources and Management, Oregon State University, 204 Peavy Hall, Corvallis, OR 97331-5752, USA
=700  1\$aBrad St.Clair, J.$eauthor$uUSDA Forest Service, Pacific Northwest Research Station, 3200 SW Jefferson Way, Corvallis, OR 97331-4401, USA
=773  0\$tForest ecology and management.$g2011 Apr. 1, v. 261, no. 7 p.1121-1142$dElsevier B.V.$x0378-1127$7nnas
=787  1\$oislandora_article_repository
=787  1\$oproduct_pubag
=787  1\$o(Journal)jnl9013
=856  40$uhttp://dx.doi.org/10.1016/j.foreco.2010.12.040$3Available from publisher's site
=912  \\$aArticle
=914  \\$aJournal:jnl9013$b0378-1127$c261$d7$e1121
=914  \\$fForest ecology and management
=917  \\$aissued
=918  2\$aElsevier B.V.$eprovider$5DNAL
=935  \\$aIND60539633$9ExL
=949  \\$a2013-09-26
=953  \\$aNAL270800378112702610007.xml
=961  \\$aUSDA/FS
=962  \\$aBatch:347 annotated on 2013-09-04T16:33:53Z
=962  \\$aBatch:347 reviewed on 2013-09-26T16:00:02Z
=974  \\$aagid:539633
=983  \\$a2014-11-11
=984  \\$a2014-11-11

