=LDR  02797nab a2200517 u 4500
=001  9916293327907426
=005  20221118071343.0
=008  160420e20160503xx\|||||o|||||||||||eng||
=016  7\$aIND605190416$2DNAL
=024  7\$a10.1080/21606544.2015.1075906$2doi
=035  \\$aagid:5190416-01nal_inst
=040  \\$aAGL$beng$cAGL
=100  1\$aNigatu, Getachew$eauthor$uEconomic Research Service (ERS/USDA), 355 E Street SW, Washington DC20024,USA
=245  10$aAssessing the effects of climate change policy on the volatility of carbon prices in reference to the Great Recession
=300  \\$ap. 200-215.
=520  \\$aThis paper examines the effects of having or not having a climate change policy on the behaviour of carbon price volatility before, within and after the 2008/09 global recession. Our Markov-regime switching model analysis shows that the voluntary carbon market at the Chicago Climate Exchange was in a high-volatile regime within, and two years before, this recession. The mandatory carbon market in the European Climate Exchange was relatively in stable and low-volatile regime over these periods, except at the end of the recession. The voluntary market exhibited more price volatility features than the mandatory one. After the recession, both markets experienced high probabilities of being at low-volatile regimes. Our results suggest that high-volatile regimes were not caused by the recession per se. However, statistical tests show that there were distinct low-and high-volatile regimes during the recession period, indicating that the recession aggravated price volatility of both markets.
=592  \\$aPublisher supplied data
=593  \\$aPubAg article
=650  \3$acarbon markets
=650  \3$aclimate
=650  \3$aclimate change
=650  \3$aissues and policy
=650  \3$aprices
=650  \3$astatistical analysis
=653  \0$avolatility
=653  \0$acarbon markets
=653  \0$aGreat Recession
=773  0\$tJournal of Environmental Economics and Policy.$g2016 May 3, v. 5, no. 2 p.200-215$dRoutledge$x2160-6552$7nnas
=787  1\$oislandora_article_repository
=787  1\$oproduct_pubag
=787  1\$o(Journal)19685
=856  40$uhttp://dx.doi.org/10.1080/21606544.2015.1075906$3Available from publisher's site
=912  \\$aArticle
=914  \\$aJournal:19685$b2160-6552$c5$d2$e200
=914  \\$fJournal of Environmental Economics and Policy
=916  \\$aBatch:1457
=917  \\$aissued
=918  2\$aTaylor & Francis Group$eprovider$5DNAL
=935  \\$aIND605190416$9ExL
=949  \\$a2016-11-16
=953  \\$ateep20_teep20.v005.i02_20160420114836#7834257.zip
=961  \\$aUSDA/ERS
=962  \\$aBatch:1457 reviewed on 2016-11-16T04:00:02Z
=974  \\$aagid:5190416
=983  \\$a2016-04-20
=984  \\$a2016-11-16

