=LDR  05585nab a2200925 u 4500
=001  9916294675707426
=005  20221215142348.0
=008  190412e201610\\xx\|||||o|||||||||||eng||
=016  7\$aIND605248851$2DNAL
=024  7\$a10.1016/j.ecolind.2016.04.002$2doi
=024  7\$a10.1016/j.ecolind.2016.04.002$2chorus
=035  \\$aagid:5248851-01nal_inst
=040  \\$aAGL$beng$cAGL
=100  1\$aWoznicki, Sean A.$eauthor$uDepartment of Biosystems and Agricultural Engineering, Michigan State University, East Lansing, MI, United States
=245  10$aLarge-scale climate change vulnerability assessment of stream health
=300  \\$ap. 578-594.
=506  \\$aResource is Open Access$uhttp://purl.org/eprint/accessRights/OpenAccess
=506  \\$aCHORUS License Information
=520  \\$aFreshwater streams are critical resources that provide multiple benefits to humans and aquatic biota alike. As climate changes, it is projected that changes to the hydrological cycle and water temperatures will affect individual biota and aquatic ecosystems as a whole. The goal of this study was to determine the extent of climate change impacts on stream ecosystems as represented by four commonly used stream health indicators (Ephemeroptera, Plecoptera, and Trichoptera taxa (EPT), Family Index of Biotic Integrity (FIBI), Hilsenhoff Biotic Index (HBI), and fish Index of Biotic Integrity (IBI)). Seven watersheds in Michigan were selected based on stream thermal regimes. The Soil and Water Assessment Tool was used to simulate streamflow and pollutant loads. Important variables for each thermal class were selected using a Bayesian variable selection method and used as inputs to adaptive neuro-fuzzy inference systems models of EPT, FIBI, HBI, and IBI. Finally, an ensemble of climate models from the Coupled Model Intercomparison Project Phase 5 were used to determine the impacts of climate on the stream health in 2020-2040 compared to 1980-2000. The risk of declining stream health was determined using cumulative distribution functions. A stream temperature regression model was also developed to assess potential changes in stream thermal regimes, which could cause shifts in composition of aquatic communities. Several flow regime variables, including those related to flow variability, duration of extreme events, and timing were mainly affected by changing climate. At the watershed scale, most indicators were relatively insensitive to changing climate and the magnitude of stream health decline was low. However, at the reach scale, there are many instances of high risk and large magnitude of declines in the stream health indicators. At the same time, several streams experienced changes in thermal class, mostly transitioning from cold-transitional and cool streams to warm streams. This research demonstrated the applicability of the stream health modeling process in performing a climate change impacts assessment.
=592  \\$aPublisher supplied data
=593  \\$aPubAg article
=596  \\$cNSF$dhttps://doi.org/10.13039/100000001
=596  \\$cUSDOE$dhttps://doi.org/10.13039/100000015
=596  \\$cUSDA National Institute of Food and Agriculture$dhttps://doi.org/10.13039/100005825
=506  0\$fUnrestricted online access$2star
=650  \3$aEphemeroptera
=650  \3$aPlecoptera
=650  \3$aSoil and Water Assessment Tool model
=650  \3$aTrichoptera
=650  \3$aaquatic communities
=650  \3$aaquatic ecosystems
=650  \3$aclimate
=650  \3$aclimate change
=650  \3$aclimate models
=650  \3$acumulative distribution
=650  \3$adecline
=650  \3$afish
=650  \3$afuzzy logic
=650  \3$ahumans
=650  \3$ahydrologic cycle
=650  \3$apollution load
=650  \3$aregression analysis
=650  \3$arisk
=650  \3$astream flow
=650  \3$astreams
=650  \3$awater temperature
=650  \3$awatersheds
=651  \3$aMichigan
=653  \0$aStream health
=653  \0$aBiological integrity
=653  \0$aFish
=653  \0$aMacroinvertebrate
=653  \0$aFuzzy logic
=653  \0$aStream temperature
=700  1\$aNejadhashemi, A. Pouyan$eauthor$uDepartment of Biosystems and Agricultural Engineering, Michigan State University, East Lansing, MI, United States
=700  1\$aTang, Ying$eauthor$uDepartment of Geography, Michigan State University, East Lansing, MI, United States
=700  1\$aWang, Lizhu$eauthor$uInternational Joint Commission, Great Lakes Office, Windsor, ON N9A 6T3, Canada
=773  0\$tEcological indicators.$g2016 Oct., v. 69 p.578-594$dElsevier Ltd$aElsevier Ltd$wJournal:6196$x1470-160X$7nnas
=787  1\$oislandora_article_repository
=787  1\$oproduct_pubag
=787  1\$o(Journal)6196
=856  40$uhttps://dx.doi.org/10.1016/j.ecolind.2016.04.002$3Available from publisher's site
=856  40$uhttp://handle.nal.usda.gov/10113/5248851
=912  \\$aArticle
=914  \\$aJournal:6196$b1470-160X$c69$e578
=914  \\$fEcological indicators
=916  \\$aBatch:1393
=917  \\$aissued
=918  2\$aElsevier Consyn$eprovider$5DNAL
=935  \\$aIND605248851$9ExL
=949  \\$a2020-03-06
=953  \\$a/data/metadata/incoming/consyn-backfiles/46-2-00099-HEAD-ONLY.zip
=954  \\$afile:/data/metadata/staging/consyn-backfiles/S1470160X16301601.xml
=955  \\$a/data/metadata/staging/consyn-backfiles/
=961  \\$aUSDA
=962  \\$aUSDA Scientist Submission; eISSN 1872-7034
=962  \\$aMissing ISSN
=974  \\$aagid:5248851
=983  \\$a2019-04-12
=984  \\$a2022-09-06

