=LDR  04944nab a2200601 u 4500
=001  9916294720207426
=005  20221118090026.0
=008  190416e201606\\xx\|||||o|||||||||||eng||
=016  7\$aIND605248943$2DNAL
=024  7\$a10.1016/j.iswcr.2016.05.002$2doi
=035  \\$aagid:5248943-01nal_inst
=040  \\$aAGL$beng$cAGL
=100  1\$aDelgado, Jorge A.$eauthor$uSoil Management and Sugar Beet Research Unit, USDA-ARS-SMSBRU, 2150 Centre Ave., Building D, Suite 100, Fort Collins, CO, USA
=245  14$aThe Nanchang Communication about the potential for implementation of conservation practices for climate change mitigation and adaptation to achieve food security in the 21st century
=300  \\$ap. 148-150.
=520  \\$aThere is a large number of peer-reviewed publications reporting that a changing climate is one of the biggest challenges humanity will have during the 21st century. With population growth and the need to significantly increase agricultural production per unit of area during the 21st century, a changing climate will put additional stress on soil resources. Soil and water conservation will be key for the future of humanity. Professional societies in the area of agriculture and soil and water conservation have recognized the importance that soil resources will have for humanity during this century and have made calls for implementation of worldwide soil and water conservation. For example, in 2010 the Soil and Water Conservation Society (SWCS) invited a group of scientists to review the literature about the potential to use conservation practices for climate change adaptation and mitigation. The Delgado et al. (2011) paper was used by the SWCS to develop and adopt a position statement about the importance of using soil and water conservation practices to mitigate and adapt to climate change. The International Soil Conservation Organization (ISCO) invited the lead author to present the paper as a keynote presentation at the ISCO 2013 conference. The European Society of Soil Conservation (ESSC) published a short communication about this paper in one of their newsletters in 2014. The World Association of Soil and Water Conservation (WASWAC) also invited the lead author to present a keynote presentation on this topic at the 2015 WASWAC annual meeting in Nanchang. This paper (the Nanchang Communication) is a summary of the Delgado et al. (2011) paper that was used by the SWCS to develop the SWCS position statement related to soil and water conservation and climate change. The Nanchang Communication (this paper) was used by WASWAC to develop a position statement about the immediate need for implementation of conservation practices for mitigation of and adaptation to climate change to achieve food security in the 21st century. These papers (Delgado et al., 2011, Nanchang Communication), and the SWCS and WASWAC position statements, support the conclusions from the worldwide literature that without implementation of soil and water conservation practices for climate change mitigation and adaptation, the survival of life, including our own species, will be in jeopardy, since soils will be key to meeting the higher demands for food during the 21st century.
=592  \\$aPublisher supplied data
=593  \\$aPubAg article
=650  \3$aclimate change
=650  \3$aconservation practices
=650  \3$afood security
=650  \3$apopulation growth
=650  \3$ascientists
=650  \3$asoil
=650  \3$asoil conservation
=650  \3$asoil resources
=650  \3$awater conservation
=653  \0$aFood security
=653  \0$aConservation practice
=653  \0$aClimate change
=653  \0$aWASWAC
=653  \0$aSWCS
=700  1\$aLi, Rui$eauthor$uInstitute of Soil and Water Conservation, Northwest Scie-technology University of Agriculture and Forestry, Yangling, Shaanxi 712100, PR China
=773  0\$tInternational soil and water conservation research.$g2016 June, v. 4, no. 2 p.148-150$dElsevier B.V.$aInternational Research and Training Center on Erosion and Sedimentation and China Water and Power Press$wJournal:23246$x2095-6339$7nnas
=787  1\$oislandora_article_repository
=787  1\$oproduct_pubag
=787  1\$o(Journal)23246
=856  40$uhttps://dx.doi.org/10.1016/j.iswcr.2016.05.002$3Available from publisher's site
=912  \\$aArticle
=914  \\$aJournal:23246$b2095-6339$c4$e148
=914  \\$fInternational soil and water conservation research
=916  \\$aBatch:1722
=917  \\$aissued
=918  2\$aElsevier Consyn$eprovider$5DNAL
=935  \\$aIND605248943$9ExL
=949  \\$a2019-04-16
=953  \\$a/data/metadata/incoming/consyn-backfiles/46-2-00112-HEAD-ONLY.zip
=954  \\$afile:/data/metadata/staging/consyn-backfiles/S2095633916300557.xml
=955  \\$a/data/metadata/staging/consyn-backfiles/
=961  \\$aUSDA/ARS
=974  \\$aagid:5248943
=983  \\$a2019-04-16
=984  \\$a2019-04-16

