=LDR  05930nab a2200805 u 4500
=001  9916301101307426
=005  20221118065613.0
=008  190318e201712\\xx\|||||o|||||||||||eng||
=016  7\$aIND605814657$2DNAL
=024  7\$a10.1016/j.soilbio.2017.08.028$2doi
=035  \\$aagid:5814657-01nal_inst
=040  \\$aAGL$beng$cAGL
=100  1\$aMosier, Samantha L.$eauthor$uMichigan Technological University, School of Forest Resources and Environmental Science, 1400 Townsend Drive, Houghton, MI 49931, USA
=245  10$aInteractive effects of climate change and fungal communities on wood-derived carbon in forest soils
=300  \\$ap. 297-309.
=520  \\$aAlthough wood makes up the majority of forest biomass, the importance of wood contributions to stable soil carbon (C) pools is uncertain. Complex interactions among climate, soil physical properties, intrinsic properties of woody residues, and biological processes all exert dynamic controls over the stabilization, destabilization and transport of wood-derived C in soils. Many studies have demonstrated the strong physical controls on decomposition rates in soils, but little work has been done to relate these to changes in decomposer community composition and how this influences the fate of wood-derived C in soils. Here, we examine the effects of initial fungal inoculation, temperature, soil texture, Free Air CO2 Enrichment (FACE) wood type, and location of wood residue in the soil, with an experiment investigating the fate of wood-derived C from soils in the first two years following clear-cut harvest in aspen (Populus tremuloides Michx.) forests. We applied 13C-depleted aspen wood chips in 168 experimental plots across six sites in northern Michigan, USA, and tracked the depleted 13C signature through the mineral soil as DOC and from the soil surface as CO2.Wood residue location had the largest impact on soil CO2 efflux, with surface wood treatments having more than twice as much wood-derived soil CO2 efflux as buried wood treatments (1.20 g CO2 m−2 h−1 versus 0.49 g CO2 m−2 h−1, respectively; p < 0.001). Initial fungal decomposers had a significant effect on DOC quantity and quality, with higher wood-derived DOC concentrations, levels of humification, and tannin content for white-rot treatments compared with brown-rot treatments. Buried chip treatments within open-top chambers had one-third higher wood-derived soil CO2 efflux than buried chips in ambient temperature treatments (p < 0.002). FACE wood type also influenced soil C fluxes from the decomposing wood chips. The average wood-derived soil CO2 efflux and the average percentage of wood-derived soil CO2 efflux were significantly greater from wood grown under elevated CO2 than wood grown under elevated CO2 + O3 (p = 0.002 and p = 0.004, respectively). Furthermore, wood grown under elevated CO2 had increased DOC aromaticity relative to wood grown in ambient conditions. Taken together, these results show that wood-derived C sources and the decomposers that process them are significant determinants of C fluxes from and transformations within the soil following harvest in aspen forests.
=592  \\$aPublisher supplied data
=593  \\$aPubAg article
=650  \3$aPopulus tremuloides
=650  \3$aambient temperature
=650  \3$abiomass
=650  \3$acarbon
=650  \3$acarbon dioxide
=650  \3$aclearcutting
=650  \3$aclimate
=650  \3$aclimate change
=650  \3$acommunity structure
=650  \3$adecayed wood
=650  \3$aforests
=650  \3$afree air carbon dioxide enrichment
=650  \3$afungal communities
=650  \3$afungi
=650  \3$ahumification
=650  \3$amineral soils
=650  \3$aozone
=650  \3$asoil texture
=650  \3$awood chips
=651  \3$aMichigan
=653  \0$aAspen
=653  \0$aDissolved organic carbon
=653  \0$aSoil CO2 efflux
=653  \0$aStable carbon isotopes
=653  \0$aWood residue
=653  \0$aWood decomposing fungi
=700  1\$aKane, Evan S.$eauthor$uMichigan Technological University, School of Forest Resources and Environmental Science, 1400 Townsend Drive, Houghton, MI 49931, USA
=700  1\$aRichter, Dana L.$eauthor$uMichigan Technological University, School of Forest Resources and Environmental Science, 1400 Townsend Drive, Houghton, MI 49931, USA
=700  1\$aLilleskov, Erik A.$eauthor$uUSDA Forest Service Northern Research Station, 410 MacInnes Drive, Houghton, MI 49931, USA
=700  1\$aJurgensen, Martin F.$eauthor$uMichigan Technological University, School of Forest Resources and Environmental Science, 1400 Townsend Drive, Houghton, MI 49931, USA
=700  1\$aBurton, Andrew J.$eauthor$uMichigan Technological University, School of Forest Resources and Environmental Science, 1400 Townsend Drive, Houghton, MI 49931, USA
=700  1\$aResh, Sigrid C.$eauthor$uMichigan Technological University, School of Forest Resources and Environmental Science, 1400 Townsend Drive, Houghton, MI 49931, USA
=773  0\$tSoil biology & biochemistry.$g2017 Dec., v. 115 p.297-309$dElsevier Ltd$aElsevier Ltd$wJournal:jnl124$x0038-0717$7nnas
=787  1\$oislandora_article_repository
=787  1\$oproduct_pubag
=787  1\$o(Journal)jnl124
=856  40$uhttps://dx.doi.org/10.1016/j.soilbio.2017.08.028$3Available from publisher's site
=912  \\$aArticle
=914  \\$aJournal:jnl124$b0038-0717$c115$e297
=914  \\$fSoil biology & biochemistry
=916  \\$aBatch:1851
=917  \\$aissued
=918  2\$aElsevier Consyn$eprovider$5DNAL
=935  \\$aIND605814657$9ExL
=949  \\$a2019-03-18
=953  \\$a/data/metadata/incoming/consyn/46-2-00018-HEAD-ONLY.zip
=954  \\$afile:/data/metadata/staging/consyn/S0038071717300275.xml
=955  \\$a/data/metadata/staging/consyn/
=961  \\$aUSDA/FS
=974  \\$aagid:5814657
=983  \\$a2019-03-18
=984  \\$a2019-03-18

