=LDR  03039nab a2200625 u 4500
=001  9916302226207426
=005  20221118075030.0
=008  181214e20180818xx\|||||o|||||||||||eng||
=016  7\$aIND606162092$2DNAL
=024  7\$a10.1080/02508060.2018.1515568$2doi
=035  \\$aagid:6162092-01nal_inst
=040  \\$aAGL$beng$cAGL
=100  1\$aGreen, Timothy R.$eauthor$uUSDA-ARS, Center for Agricultural Resources Research, Water Management & Systems Research Unit, Fort Collins, CO, USA
=245  10$aIrrigation variability and climate change affect derived distributions of simulated water recharge and nitrate leaching
=300  \\$ap. 829-845.
=520  \\$aIrrigation ('blue') water has high value as municipalities seek water security under growing populations and projected climates, but spatial variability makes estimating return flows to groundwater challenging. We demonstrate a framework for simulating spatially variable infiltration and derived distributions of return flows using an agricultural and vadose zone model to simulate recharge and nitrate leaching under irrigated corn in semi-arid northeastern Colorado, USA. Derived distributions indicated increased historical recharge (2-42%) as the spatial variability of applied irrigation increased. Projected climate in 2050 increased recharge above historical rates by up to 58%, but climatic effects decreased with increasing irrigation variability.
=592  \\$aPublisher supplied data
=593  \\$aPubAg article
=650  \3$aclimate
=650  \3$aclimate change
=650  \3$acorn
=650  \3$agroundwater
=650  \3$airrigation
=650  \3$aleaching
=650  \3$anitrates
=650  \3$asimulation models
=650  \3$avadose zone
=650  \3$awater security
=651  \3$aColorado
=653  \0$aIrrigation efficiency
=653  \0$aspatial variability
=653  \0$agroundwater
=653  \0$aColorado
=700  1\$aAnapalli, Saseendran S.$eauthor$uUSDA-ARS, Crop Production Systems Research Unit, Stoneville, MS, USA
=773  0\$tWater international.$g2018 Aug. 18, v. 43, no. 6 p.829-845$dRoutledge$wJournal:J000000164$x1941-1707$7nnas
=787  1\$oislandora_article_repository
=787  1\$oproduct_pubag
=787  1\$o(Journal)J000000164
=856  40$uhttps://dx.doi.org/10.1080/02508060.2018.1515568$3Available from publisher's site
=912  \\$aArticle
=914  \\$aJournal:J000000164$b1941-1707$c43$d6$e829
=914  \\$fWater international
=916  \\$aBatch:2104
=917  \\$aissued
=918  2\$aTaylor & Francis Group$eprovider$5DNAL
=935  \\$aIND606162092$9ExL
=949  \\$a2019-02-08
=953  \\$a/data/metadata/incoming/taylorfrancis/rwin20_rwin20.v043.i06_20181214180923#15412421.zip
=954  \\$afile:/data/metadata/staging/taylorfrancis/02508060.2018.1515568.xml
=955  \\$a/data/metadata/staging/taylorfrancis/
=961  \\$aUSDA/ARS
=962  \\$aBatch:2104 reviewed on 2019-02-08T09:00:02Z
=974  \\$aagid:6162092
=983  \\$a2018-12-14
=984  \\$a2019-02-08

