=LDR  04151nab a2200793 u 4500
=001  9916304748807426
=005  20221118112054.0
=008  091020e200907\\xx\|||||o|||||||||||eng||
=016  7\$aIND44275884$2DNAL
=024  7\$a10.1614/IPSM-08-120.1$2doi
=024  7\$a10113/37164$2hdl
=035  \\$aagid:37164-01nal_inst
=040  \\$aAGL$beng$cAGL
=072  \0$aF900
=072  \0$aP010
=072  \0$aF300
=072  \0$aB200
=100  1\$aKerns, Becky K.$eauthor
=245  10$aModeling Tamarisk (Tamarix spp.) Habitat and Climate Change Effects in the Northwestern United States
=300  \\$ap. 200-215.
=500  \\$a2019-12-05
=520  \\$aTamarisk species are shrubs or small trees considered by some to be among the most aggressively invasive and potentially detrimental exotic plants in the United States. Although extensively studied in the southern and interior west, northwestern (Oregon, Washington, and Idaho) distribution and habitat information for tamarisk is either limited or lacking. We obtained distribution data for the northwest, developed a habitat suitability map, and projected changes in habitat due to climate change in a smaller case study area using downscaled climate data. Results show extensive populations of tamarisk east of the Cascade Mountains. Despite the perceived novelty of tamarisk in the region, naturalized populations were present by the 1920s. Major population centers are limited to the warmest and driest environments in the central Snake River Plain, Columbia Plateau, and Northern Basin and Range. Habitat suitability model results indicate that 21%% of the region supports suitable tamarisk habitat. Less than 1%% of these areas are occupied by tamarisk; the remainder is highly vulnerable to invasion. Although considerable uncertainty exists regarding future climate change, we project a 2- to 10-fold increase in highly suitable tamarisk habitat by the end of the century. Our habitat suitability maps can be used in ""what if"" exercises as part of planning, detection, restoration, management, and eradication purposes.Nomenclature: Tamarisk, species in the genus Tamarix L., primarily Tamarix chinensis Lour. and Tamarix ramosissima Ledeb. and their hybrids.
=592  \\$aPublisher supplied data
=593  \\$aPubAg article
=593  \\$cUSDA submission
=650  \3$ageographical distribution
=650  \3$aweed control
=650  \3$ashrubs
=650  \3$aintroduced species
=650  \3$atrees
=650  \3$aclimate change
=650  \3$aTamarix
=650  \3$aweeds
=650  \3$aecological restoration
=650  \3$ainvasive species
=650  \3$aplant ecology
=650  \3$ahabitats
=651  \3$aOregon
=651  \3$aIdaho
=651  \0$aNorthwestern United States
=651  \0$aWashington
=700  1\$aNaylor, Bridgett J.$eauthor
=700  1\$aBuonopane, Michelle$eauthor
=700  1\$aParks, Catherine G.$eauthor
=700  1\$aRogers, Brendan$eauthor
=773  0\$tInvasive plant science and management.$g2009 July, v. 2, no. 3 p.200-215$dWeed Science Society of America$x1939-747X$7nnas
=787  1\$oproduct_pubag
=787  1\$oislandora_article_repository
=787  1\$oislandora_pubag_with_text
=787  1\$o(Journal)jnl4194316
=852  \\$aDNAL
=856  40$uhttps://handle.nal.usda.gov/10113/37164$3Available in the National Agricultural Library PubAg search system
=856  40$uhttp://dx.doi.org/10.1614/IPSM-08-120.1$3Available from publisher's Web site
=912  \\$aArticle
=914  \\$aJournal:jnl4194316$b1939-7291$c2$d3$e200-215
=914  \\$fInvasive plant science and management
=917  \\$aissued
=918  2\$aBioOne$eprovider$5DNAL
=930  \\$a20100104$b20100205$c00000000
=935  \\$aIND44275884$9ExL
=945  \\$aIND$d9CT$e2009/11/23
=949  \\$a2016-09-13
=952  \\$a20100104 20100205 00000000$bIND 9CT 2009/11/23
=953  \\$aIPSMv2i3-04282014-172398.zip
=961  \\$aUSDA/FS
=974  \\$aagid:37164
=984  \\$a2018-05-25
=985  \\$aConverted from MARCXML to MODS version 3.4 using MARC21slim2MODS3-4.xsl (Revision 1.95 2014/04/23)
=986  \\$a4275884

