=LDR  03601nab a2200745 u 4500
=001  9916305014907426
=005  20221118120613.0
=008  050801e200505\\xx\|||||o|||||||||||eng||
=016  7\$aIND43729093$2DNAL
=024  7\$a10.5558/tfc81369-3$2doi
=024  7\$a10113/37321$2hdl
=035  \\$aagid:37321-01nal_inst
=040  \\$aAGL$beng$cAGL
=072  \0$aK250
=072  \0$aB200
=072  \0$aF300
=072  \0$aX100
=100  1\$aLittell, J.S.
=245  12$aA method for estimating vulnerability of Douglas-fir growth to climate change in the northwestern U.S
=300  \\$ap. 369-374.
=500  \\$aIncludes references
=500  \\$aSummary in French.
=520  \\$aBorrowing from landscape ecology, atmospheric science, and integrated assessment, we aim to understand the complex interactions that determine productivity in montane forests and utilize such relationships to forecast montane forest vulnerability under global climate change. Specifically, we identify relationships for precipitation and temperature that govern the spatiotemporal variability in Douglas-fir (Pseudotsuga menziesii (Mirb.) Franco) growth by seeking similarities in patterns of growth/climate models across a significant portion of the climatological range of the species. In the 21st century and beyond, sustainable forestry will depend on successful adaptation to the impacts of climate change and climate variability on forest structure and function. The combination of these foci will allow improved prediction of the fate of montane forests over a wide range of biogeoclimatic conditions in western North America and thus allow improved management strategies for adapting to climate change. We describe a multi-disciplinary strategy for analyzing growth variability as a function of climate over a broad range of local-to-regional influences and demonstrate the efficacy of this sampling method in defining regional gradients of growth-limiting factors.
=593  \\$aPubAg article
=593  \\$cUSDA submission
=650  \3$aforest trees
=650  \3$amontane forests
=650  \3$aPseudotsuga menziesii
=650  \3$aglobal warming
=650  \3$alandscape ecology
=650  \3$aforest ecology
=650  \3$atree growth
=650  \3$atemporal variation
=650  \3$aspatial variation
=650  \3$aclimatic factors
=650  \3$agrowth rings
=650  \3$adendrochronology
=650  \3$astatistical models
=650  \3$aregression analysis
=650  \3$asampling
=651  \3$aNorthwestern United States
=700  1\$aPeterson, D.L.
=773  0\$tForestry chronicle.$g2005 , v.  81, no.  3 p.369-374$x0015-7546$7nnas
=787  1\$oproduct_pubag
=787  1\$oislandora_article_repository
=787  1\$oislandora_pubag_with_text
=787  1\$o(Journal)12176
=852  \\$aDNAL
=856  40$uhttp://dx.doi.org/10.5558/tfc81369-3$3Available from publisher's Web site
=856  40$uhttps://handle.nal.usda.gov/10113/37321$3Available in the National Agricultural Library PubAg search system
=912  \\$aArticle
=914  \\$aJournal:12176$b0015-7546$c81$d3$e369
=914  \\$fForestry chronicle
=917  \\$aissued
=930  \\$a20100108$b20100205$c00000000
=935  \\$aIND43729093$9ExL
=945  \\$aIND$dLYN$e2006/06/28
=946  \\$aNon-US
=949  \\$a2014-07-17
=952  \\$a20100108 20100205 00000000$bIND LYN 2006/06/28
=961  \\$aUSDA/FS
=974  \\$aagid:37321
=984  \\$a2011-11-03
=985  \\$aConverted from MARCXML to MODS version 3.4 using MARC21slim2MODS3-4.xsl (Revision 1.95 2014/04/23)
=986  \\$a3729093

