=LDR  05982nab a2200949 u 4500
=001  9916309368107426
=005  20221118071931.0
=008  220225e202202\\xx\|||||o|||||||||||eng||
=016  7\$aIND607680588$2DNAL
=024  7\$a10.1002/ecs2.3859$2doi
=035  \\$aagid:7680588-01nal_inst
=040  \\$aAGL$beng$cAGL
=100  1\$aBlagden, Megan$eauthor$uDepartment of Biology, Boston University, 5 Cummington Mall, Boston, Massachusetts, 02215, USA
=245  10$aClimate change influences foliar nutrition and metabolism of red maple (Acer rubrum) trees in a northern hardwood forest
=500  \\$aJOURNAL ARTICLE
=520  \\$aMean annual air temperatures are projected to increase, while the winter snowpack is expected to shrink in depth and duration for many mid‐ and high‐latitude temperate forest ecosystems over the next several decades. Together, these changes will lead to warmer growing season soil temperatures and an increased frequency of soil freeze-thaw cycles (FTCs) in winter. We took advantage of the Climate Change Across Seasons Experiment (CCASE) at the Hubbard Brook Experimental Forest in the White Mountains of New Hampshire, USA, to determine how these changes in soil temperature affect foliar nitrogen (N) and carbon metabolism of red maple (Acer rubrum) trees in 2015 and 2017. Earlier work from this study revealed a similar increase in foliar N concentrations with growing season soil warming, with or without the occurrence of soil FTCs in winter. However, these changes in soil warming could differentially affect the availability of cellular nutrients, concentrations of primary and secondary metabolites, and the rates of photosynthesis that are all responsive to climate change. We found that foliar concentrations of phosphorus (P), potassium (K), N, spermine (a polyamine), amino acids (alanine, histidine, and phenylalanine), chlorophyll, carotenoids, sucrose, and rates of photosynthesis increased with growing season soil warming. Despite similar concentrations of foliar N with soil warming with and without soil FTCs in winter, winter soil FTCs affected other foliar metabolic responses. The combination of growing season soil warming and winter soil FTCs led to increased concentrations of two polyamines (putrescine and spermine) and amino acids (alanine, proline, aspartic acid, γ‐aminobutyric acid, valine, leucine, and isoleucine). Treatment‐specific metabolic changes indicated that while responses to growing season warming were more connected to their role as growth modulators, soil warming + FTC treatment‐related effects revealed their dual role in growth and stress tolerance. Together, the results of this study demonstrate that growing season soil warming has multiple positive effects on foliar N and cellular metabolism in trees and that some of these foliar responses are further modified by the addition of stress from winter soil FTCs.
=592  \\$aPublisher supplied data
=593  \\$aPubAg article
=596  \\$aNSF DEB1149929$cNSF CAREER grant to PHT Pamela Templer
=596  \\$aNSF 1114804$cNSF Long Term Ecological Research (LTER) Grant to Hubbard Brook
=596  \\$a1637685$cNSF Long Term Ecological Research (LTER) Grant to Hubbard Brook
=596  \\$cBoston University
=596  \\$cUSDA Forest Service, NRS
=596  \\$aDGE0947950$cNational Science Foundation
=650  \3$aAcer rubrum
=650  \3$aair
=650  \3$aalanine
=650  \3$aaspartic acid
=650  \3$acarbon metabolism
=650  \3$acarotenoids
=650  \3$achlorophyll
=650  \3$aclimate change
=650  \3$afreeze-thaw cycles
=650  \3$ahardwood forests
=650  \3$ahistidine
=650  \3$aisoleucine
=650  \3$alatitude
=650  \3$aleucine
=650  \3$anitrogen
=650  \3$anutrition
=650  \3$aphenylalanine
=650  \3$aphosphorus
=650  \3$aphotosynthesis
=650  \3$apotassium
=650  \3$aproline
=650  \3$aputrescine
=650  \3$asecondary metabolites
=650  \3$asnowpack
=650  \3$asoil temperature
=650  \3$aspermine
=650  \3$astress tolerance
=650  \3$asucrose
=650  \3$atemperate forests
=650  \3$avaline
=650  \3$awinter
=651  \3$aNew Hampshire
=700  1\$aHarrison, Jamie L.$eauthor$uDepartment of Biology, Boston University, 5 Cummington Mall, Boston, Massachusetts, 02215, USA$1https://orcid.org/0000-0001-7937-0503
=700  1\$aMinocha, Rakesh$eauthor$uUSDA Forest Service, Northeastern Research Station, Durham, New Hampshire, 03824, USA$1https://orcid.org/0000-0002-4055-5137
=700  1\$aSanders‐DeMott, Rebecca$eauthor$uDepartment of Biology, Boston University, 5 Cummington Mall, Boston, Massachusetts, 02215, USA$1https://orcid.org/0000-0002-0709-8042
=700  1\$aLong, Stephanie$eauthor$uUSDA Forest Service, Northeastern Research Station, Durham, New Hampshire, 03824, USA
=700  1\$aTempler, Pamela H.$eauthor$uDepartment of Biology, Boston University, 5 Cummington Mall, Boston, Massachusetts, 02215, USA$1https://orcid.org/0000-0002-6570-3837
=773  0\$tEcosphere.$g2022 Feb., v. 13, no. 2 p.e03859-$dJohn Wiley & Sons, Inc.$wJournal:12363$x2150-8925$7nnas
=787  1\$oislandora_article_repository
=787  1\$oproduct_pubag
=787  1\$o(Journal)12363
=856  40$uhttps://dx.doi.org/10.1002/ecs2.3859$3Available from publisher's site
=912  \\$aArticle
=914  \\$aJournal:12363$b2150-8925$c13$d2$ee03859
=914  \\$fEcosphere
=916  \\$aBatch:10238
=917  \\$aissued
=918  2\$aJohn Wiley & Sons, Inc$eprovider$5DNAL
=935  \\$aIND607680588$9ExL
=949  \\$a2022-06-03
=952  \\$dNAL-AP-2-clean
=953  \\$a/data/metadata/incoming/wiley/21508925_2022_13_2.xml
=954  \\$afile:/data/metadata/staging/wiley/21508925_2022_13_2.xml
=955  \\$a/data/metadata/staging/wiley/
=961  \\$aUSDA/FS
=974  \\$aagid:7680588
=983  \\$a2022-02-25
=984  \\$a2022-06-03

