=LDR  04918nab a2200757 u 4500
=001  9916309370707426
=005  20221118072017.0
=008  220225e202202\\xx\|||||o|||||||||||eng||
=016  7\$aIND607680593$2DNAL
=024  7\$a10.1002/ecs2.3917$2doi
=035  \\$aagid:7680593-01nal_inst
=040  \\$aAGL$beng$cAGL
=100  1\$aGustafson, Eric J.$eauthor$uInstitute for Applied Ecosystem Studies, USDA Forest Service, Northern Research Station, Rhinelander, Wisconsin, USA
=245  10$aBeyond blight: Phytophthora root rot under climate change limits populations of reintroduced American chestnut
=500  \\$aJOURNAL ARTICLE
=520  \\$aAmerican chestnut (Castanea dentata) was functionally extirpated from eastern US forests by chestnut blight, caused by a fungus from Asia. As efforts to produce blight‐resistant American chestnut germplasm advance, approaches to reintroduce chestnut throughout its former range are being developed. However, chestnut is also quite susceptible to a root disease in the southern half of its former range, and the pathogen that causes the disease (Phytophthora cinnamomi) is expected to move northward as climate warms. Genetic resistance to root rot appears to vary among individual chestnut trees, and the prevalence of resistance is highly uncertain. Because restoration of a self‐sustaining chestnut population is ultimately a landscape‐scale problem, we used a process‐based forest landscape model (LANDIS‐II) to conduct experiments to quantify the effects of root rot on the effectiveness of chestnut population restoration efforts in the center of the former range of chestnut under various climate scenarios. We developed a new LANDIS‐II extension to simulate root rot‐induced tree mortality as a function of temperature and soil moisture. We conducted a factorial simulation experiment with climate and resistance to root rot as factors and found that root rot greatly reduced chestnut biomass on the landscape, even when resistance to root rot infection was at the highest levels currently observed in published studies. Warming climate enhanced the virulence of the pathogen and resulted in a greater reduction in chestnut biomass. Results indicate that root rot has the potential to seriously hamper chestnut restoration efforts if resistance of chestnut is not enhanced through breeding and biotechnology, suggesting restoration efforts will be more successful if targeted to latitudes, elevations, and site conditions where root rot is not expected to be present well into the future, including areas north of the historical chestnut range (Canada). These results demonstrate the vital importance of incorporating root rot resistance into the larger blight resistance breeding program.
=592  \\$aPublisher supplied data
=593  \\$aPubAg article
=650  \3$aCastanea dentata
=650  \3$aPhytophthora cinnamomi
=650  \3$abiomass
=650  \3$abiotechnology
=650  \3$ablight
=650  \3$achestnut blight
=650  \3$aclimate
=650  \3$aclimate change
=650  \3$aforests
=650  \3$afungi
=650  \3$agenetic resistance
=650  \3$agermplasm
=650  \3$alandscapes
=650  \3$amodels
=650  \3$apathogens
=650  \3$aroot rot
=650  \3$asoil water
=650  \3$atemperature
=650  \3$atree mortality
=650  \3$avirulence
=651  \3$aAsia
=651  \3$aCanada
=651  \3$aEastern United States
=700  1\$aMiranda, Brian R.$eauthor$uInstitute for Applied Ecosystem Studies, USDA Forest Service, Northern Research Station, Rhinelander, Wisconsin, USA
=700  1\$aDreaden, Tyler J.$eauthor$uForest Health Research and Education Center, USDA Forest Service, Southern Research Station, Lexington, Kentucky, USA
=700  1\$aPinchot, Cornelia C.$eauthor$uUSDA Forest Service, Northern Research Station, Delaware, Ohio, USA
=700  1\$aJacobs, Douglass F.$eauthor$uDepartment of Forestry and Natural Resources, Purdue University, West Lafayette, Indiana, USA
=773  0\$tEcosphere.$g2022 Feb., v. 13, no. 2 p.e3917-$dJohn Wiley & Sons, Inc.$wJournal:12363$x2150-8925$7nnas
=787  1\$oislandora_article_repository
=787  1\$oproduct_pubag
=787  1\$o(Journal)12363
=856  40$uhttps://dx.doi.org/10.1002/ecs2.3917$3Available from publisher's site
=912  \\$aArticle
=914  \\$aJournal:12363$b2150-8925$c13$d2$ee3917
=914  \\$fEcosphere
=916  \\$aBatch:10238
=917  \\$aissued
=918  2\$aJohn Wiley & Sons, Inc$eprovider$5DNAL
=935  \\$aIND607680593$9ExL
=949  \\$a2022-05-17
=952  \\$dNAL-AP-2-clean
=953  \\$a/data/metadata/incoming/wiley/21508925_2022_13_2.xml
=954  \\$afile:/data/metadata/staging/wiley/21508925_2022_13_2.xml
=955  \\$a/data/metadata/staging/wiley/
=961  \\$aUSDA/FS
=974  \\$aagid:7680593
=983  \\$a2022-02-25
=984  \\$a2022-05-17

