=LDR  07415nab a2200961 u 4500
=001  9916312860607426
=005  20221118120531.0
=008  220929e20220915xx\|||||o|||||||||||eng||
=016  7\$aIND607946412$2DNAL
=024  7\$a10.1016/j.foreco.2022.120545$2doi
=035  \\$aagid:7946412-01nal_inst
=040  \\$aAGL$beng$cAGL
=100  1\$aZhang, Mingfang$eauthor$uSchool of Resources and Environment, University of Electronic Science and Technology of China, Chengdu 611731, China
=245  10$aManaging the Forest-Water Nexus for Climate Change Adaptation
=500  \\$aPre-press version
=520  \\$aClimate change can directly affect forest hydrology by altering precipitation, evapotranspiration, and streamflow generation, or indirectly by changing disturbance regimes and forest structures at multiple scales. Climate change impacts on the forest-water nexus across biomes are pervasive characterized by a great complexity and uncertainty, significantly impeding the design of adaptive forest watershed management to mitigate climate change risks. This paper reviews our current knowledge on the interactions between climate change and the forest-water nexus at the scales of individual tree, stand, and watershed. We found that climate change dramatically altered watershed hydrology in many parts of the world, with varying hydrological responses at multiple scales of tree species, forest types, climate types, and hydrological regimes. The streamflow response was often more pronounced in snow-dominated or water-limited watersheds, especially in watersheds with increasing droughts due to climate change and intensively managed plantations of either non-native tree species (e.g., Eucalyptus plantations in Brazil, Chile, Uruguay, Australia) or young coniferous species. Climate change impacts can be compounded or offset by forest changes (i.e., deforestation, and forestation) through forest-climate interactions and feedbacks. Forest management can mitigate or aggravate the negative hydrologic impacts of climate change. Adaptive forest management is a prerequisite for managing the forest-water nexus in the face of climate change. Various forest management strategies aiming at maintaining optimal forest structure and high species diversity are recommended to support forest resistance and resilience to climate change and sustain water provision services from forests and other beneficial ecosystem services while minimizing negative impacts and risks of climate change.
=592  \\$aPublisher supplied data
=593  \\$aPubAg article
=650  \3$aEucalyptus
=650  \3$aadministrative management
=650  \3$aclimate
=650  \3$aclimate change
=650  \3$adeforestation
=650  \3$aecosystems
=650  \3$aevapotranspiration
=650  \3$aforest ecology
=650  \3$aforest hydrology
=650  \3$aforest management
=650  \3$aforested watersheds
=650  \3$aforests
=650  \3$aspecies diversity
=650  \3$astream flow
=650  \3$atrees
=650  \3$auncertainty
=650  \3$awatershed hydrology
=650  \3$awatershed management
=651  \3$aAustralia
=651  \3$aBrazil
=651  \3$aChile
=651  \3$aUruguay
=653  \0$aForest Hydrology
=653  \0$aForest-Water Nexus
=653  \0$aClimate Change Adaptation
=653  \0$aEcosystem Services
=653  \0$aAdaptive Forest and Watershed Management
=653  \0$aSustainability
=700  1\$aLiu, Shirong$eauthor$uKey Laboratory of Forest Ecology and Environment of National Forestry and Grassland Administration, Ecology and Nature Conservation Institute, Chinese Academy of Forestry, Beijing 100091, China
=700  1\$aJones, Julia$eauthor$uCollege of Earth, Ocean, and Atmospheric Sciences, Oregon State University, Corvallis, OR 97333, USA
=700  1\$aSun, Ge$eauthor$uEastern Forest Environmental Threat Assessment Center, Southern Research Station, USDA Forest Service, Research Triangle Park, NC 27709, USA
=700  1\$aWei, Xiaohua$eauthor$uDepartment of Earth, Environmental and Geographic Sciences, University of British Columbia (Okanagan campus), Kelowna, British Columbia, V1V 1V7, Canada
=700  1\$aEllison, David$eauthor$uInstitute for World Economics, Research Centre for Economic and Regional Studies, Hungarian Academy of Sciences, Budapest H-1245, Hungary
=700  1\$aArcher, Emma$eauthor$uDepartment of Geography, Geoinformatics and Meteorology, University of Pretoria, Lynnwood, Pretoria 0001, South Africa
=700  1\$aMcNulty, Steve$eauthor$uUSDA Forest Service, Research Triangle Park, NC27709, USA
=700  1\$aAsbjornsen, Heidi$eauthor$uDepartment of Natural Resources and the Environment, University of New Hampshire, Durham, NH 03824, USA
=700  1\$aZhang, Zhiqiang$eauthor$uJixian National Forest Ecosystem Observation and Research Station, CNERN, School of Soil and Water Conservation, Beijing Forestry University, Beijing100083, China
=700  1\$aSerengil, Yusuf$eauthor$uDepartment of Watershed Management, Istanbul University-Cerrahpasa, Istanbul 34320, Turkey
=700  1\$aZhang, Meinan$eauthor$uKey Laboratory of Forest Ecology and Environment of National Forestry and Grassland Administration, Ecology and Nature Conservation Institute, Chinese Academy of Forestry, Beijing 100091, China
=700  1\$aYu, Zhen$eauthor$uSchool of Applied Meteorology, Nanjing University of Information Science and Technology, Nanjing 210044, China
=700  1\$aLi, Qiang$eauthor$uCenter for Ecological Forecasting and Global Change, College of Forestry, Northwest A&F University, Yangling 712100, China
=700  1\$aLuan, Junwei$eauthor$uInstitute of Resources and Environment, International Centre for Bamboo and Rattan, Key Laboratory of National Forestry and Grassland Administration/Beijing for Bamboo & Rattan Science and Technology, Beijing 100102, China
=700  1\$aYurtseven, Ibrahim$eauthor$uDepartment of Watershed Management, Istanbul University-Cerrahpasa, Istanbul 34320, Turkey
=700  1\$aHou, Yiping$eauthor$uDepartment of Earth, Environmental and Geographic Sciences, University of British Columbia (Okanagan campus), Kelowna, British Columbia, V1V 1V7, Canada
=700  1\$aDeng, Shiyu$eauthor$uSchool of Resources and Environment, University of Electronic Science and Technology of China, Chengdu 611731, China
=700  1\$aLiu, Zipei$eauthor$uSchool of Resources and Environment, University of Electronic Science and Technology of China, Chengdu 611731, China
=773  0\$tForest ecology and management.$g2022 Sept. 15,  p.120545-$dElsevier B.V.$wJournal:jnl9013$x0378-1127$7nnas
=787  1\$oislandora_article_repository
=787  1\$oproduct_pubag
=787  1\$o(Journal)jnl9013
=856  40$uhttps://dx.doi.org/10.1016/j.foreco.2022.120545$3Available from publisher's site
=912  \\$aArticle
=914  \\$aJournal:jnl9013$b0378-1127$e120545
=914  \\$fForest ecology and management
=917  \\$aissued
=918  2\$aElsevier Consyn$eprovider$5DNAL
=935  \\$aIND607946412$9ExL
=949  \\$a2022-09-26
=953  \\$a/data/metadata/incoming/consyn/139047054177978780-00004-HEAD-ONLY-NEW CONSYN ISSNS.ZIP
=954  \\$afile:/data/metadata/staging/consyn/S0378112722005394.xml
=955  \\$a/data/metadata/staging/consyn/
=961  \\$aUSDA/FS
=974  \\$aagid:7946412
=983  \\$a2022-09-29
=984  \\$a2022-09-29

