=LDR  04339nab a2200745 u 4500
=001  9916313970407426
=005  20221118054033.0
=008  200615e20130913xx\|||||o|||||||||||eng||
=016  7\$aIND606987094$2DNAL
=024  7\$a10.3897/neobiota.18.4047$2doi
=035  \\$aagid:6987094-01nal_inst
=040  \\$aAGL$beng$cAGL
=100  1\$aVenette, Robert C.$eauthor$uUSDA, Forest Service, Northern Research Station, St. Paul, MN 55108 USA
=245  10$aIncorporating climate change into pest risk models for forest pathogens: a role for cold stress in an era of global warming?
=300  \\$ap. 131-150.
=520  \\$aClimate change may alter the distribution and activity of native and alien pathogens that infect trees and, in severe cases, cause tree death. In this study, potential future changes in climate suitability are investigated for three forest pathogens that occur in western North America: the native Arceuthobium tsugense subsp tsugense, hemlock dwarf mistletoe, and two alien invasive species, Dothistroma septosporum, the cause of red band needle blight or Dothistroma needle blight, and Phytophthora ramorum, the cause of sudden oak death or ramorum blight. Specifically, the software CLIMEX is used to calculate Cold-Stress, Heat-Stress, and Dry-Stress indices for each pathogen in 98,224 grid cells in North America. Downscaled climate projections from the general circulation models CGCM1, CSIROMk2, and HadCM3 drive forecasts for 2020, 2050 and 2080. These climate projections are then analyzed to forecast shifts in the geographic extent of abiotic stresses that are severe enough to directly kill pathogen propagules and prevent year-round establishment of these pathogens. Cold stress currently has a major impact on climate suitability for all three pathogens; heat stress is likely to become more significant in the future. I forecast that the geographic extent of cold stress will decline from its current levels by a constant 5% (± 1%) of all grid cells in each 30-yr projection horizon for all three pathogens. Forecasts suggest the extent of heat stress will increase concurrently by 4% (± 1%) in each 30-yr projection horizon. Drought stress shows no consistent trend over time. No disproportionate effect of climate change on the two alien invasive pathogens over the native is forecasted. These results suggest that forecasts of future climate suitability for pathogens based on historical climate normals are accurate for less than 30 yrs. Adaptive management strategies in forestry will be needed to respond as these changes unfold.
=592  \\$aPublisher supplied data
=593  \\$aPubAg article
=650  \3$aArceuthobium campylopodum subsp. tsugense
=650  \3$aDothistroma
=650  \3$aGeneral Circulation Models
=650  \3$aPhytophthora ramorum
=650  \3$aadaptive management
=650  \3$ablight
=650  \3$aclimate
=650  \3$acold stress
=650  \3$acomputer software
=650  \3$aforest pathogens
=650  \3$aforestry
=650  \3$aglobal warming
=650  \3$aheat stress
=650  \3$aindigenous species
=650  \3$aintroduced species
=650  \3$ainvasive species
=650  \3$arisk
=650  \3$asudden oak death
=650  \3$atree mortality
=650  \3$atrees
=650  \3$awater stress
=651  \3$aNorth America
=653  \0$ared band needle blight
=653  \0$ahemlock dwarf mistletoe
=653  \0$aCLIMEX
=653  \0$aalien invasive pathogens
=653  \0$aexotic species
=773  0\$tNeoBiota.$g2013 Sept. 13, v. 18 p.131-150$dPensoft Publishers$wJournal:2193$x1314-2488$7nnas
=787  1\$oislandora_article_repository
=787  1\$oproduct_pubag
=787  1\$o(Journal)2193
=856  40$uhttp://dx.doi.org/10.3897/neobiota.18.4047$3Available from publisher's site
=912  \\$aArticle
=914  \\$aJournal:2193$b1314-2488$c18$e131
=914  \\$fNB
=916  \\$aBatch:2617
=917  \\$aissued
=918  2\$aPensoft Publishers$eprovider$5DNAL
=935  \\$aIND606987094$9ExL
=949  \\$a2020-12-10
=953  \\$a/data/metadata/incoming/pensoft/neobiota-18-131.xml
=954  \\$afile:/data/metadata/staging/pensoft/neobiota-18-131.xml
=955  \\$a/data/metadata/staging/pensoft/
=961  \\$aUSDA/FS
=974  \\$aagid:6987094
=983  \\$a2020-06-15
=984  \\$a2020-12-10

