=LDR  03307nab a2200661 u 4500
=001  9916313977107426
=005  20221118053825.0
=008  200615e20130913xx\|||||o|||||||||||eng||
=016  7\$aIND606987086$2DNAL
=024  7\$a10.3897/neobiota.18.6108$2doi
=035  \\$aagid:6987086-01nal_inst
=040  \\$aAGL$beng$cAGL
=100  1\$aKriticos, Darren J.$eauthor$uCSIRO Ecosystem Sciences and Biosecurity Flagship, GPO Box 1700, Canberra, ACT 2601, Australia
=245  10$aInvasive alien species in the food chain: Advancing risk assessment models to address climate change, economics and uncertainty
=300  \\$ap. 1-7.
=520  \\$aEconomic globalization depends on the movement of people and goods between countries. As these exchanges increase, so does the potential for translocation of harmful pests, weeds, and pathogens capable of impacting our crops, livestock and natural resources (Hulme 2009), with concomitant impacts on global food security (Cook et al. 2011).
=592  \\$aPublisher supplied data
=593  \\$aPubAg article
=650  \3$aclimate change
=650  \3$acrops
=650  \3$afood chain
=650  \3$afood security
=650  \3$aglobalization
=650  \3$ainvasive species
=650  \3$alivestock
=650  \3$amodels
=650  \3$anatural resources
=650  \3$apathogens
=650  \3$arisk assessment
=650  \3$auncertainty
=650  \3$aweeds
=700  1\$aVenette, Robert C.$eauthor$uUSDA Forest Service, Northern Research Station, St. Paul, MN 55108 USA
=700  1\$aBaker, Richard H.A.$eauthor$uThe Food and Environment Research Agency, Sand Hutton, York YO41 1LZ, UK
=700  1\$aBrunel, Sarah$eauthor$uEuropean and Mediterranean Plant Protection Organization (EPPO/OEPP), 21 boulevard Richard Lenoir 75011, Paris, France
=700  1\$aKoch, Frank H.$eauthor$uUSDA Forest Service, Southern Research Station, Eastern Forest Environmental Threat Assessment Center, 3041 Cornwallis Road, Research Triangle Park, NC 27709 USA
=700  1\$aRafoss, Trond$eauthor$uBioforsk - Norwegian Institute for Environmental and Agricultural Research, Høgskoleveien 7, 1342 Ås, Norway
=700  1\$avan der Werf, Wopke$eauthor$uWageningen University, Plant Sciences, Centre for Crop Systems Analysis, Crop & Weed Ecology Group, P.O. Box 430, 6700 AK Wageningen, The Netherlands
=700  1\$aWorner, Susan P.$eauthor$uBio-Protection Research Centre, PO Box 84, Lincoln University, Lincoln 7647 New Zealand.
=773  0\$tNeoBiota.$g2013 Sept. 13, v. 18 p.1-7$dPensoft Publishers$wJournal:2193$x1314-2488$7nnas
=787  1\$oislandora_article_repository
=787  1\$oproduct_pubag
=787  1\$o(Journal)2193
=856  40$uhttp://dx.doi.org/10.3897/neobiota.18.6108$3Available from publisher's site
=912  \\$aArticle
=914  \\$aJournal:2193$b1314-2488$c18$e1
=914  \\$fNB
=916  \\$aBatch:2617
=917  \\$aissued
=918  2\$aPensoft Publishers$eprovider$5DNAL
=935  \\$aIND606987086$9ExL
=949  \\$a2020-12-10
=953  \\$a/data/metadata/incoming/pensoft/neobiota-18-001.xml
=954  \\$afile:/data/metadata/staging/pensoft/neobiota-18-001.xml
=955  \\$a/data/metadata/staging/pensoft/
=961  \\$aUSDA/FS
=974  \\$aagid:6987086
=983  \\$a2020-06-15
=984  \\$a2020-12-10

