=LDR  04386nab a2200709 u 4500
=001  9916314706907426
=005  20221118055301.0
=008  141110e20110805xx\|||||o|||||||||||eng||
=016  7\$aIND44604714$2DNAL
=024  7\$a10.1016/j.jhydrol.2011.05.002$2doi
=035  \\$aagid:493135-01nal_inst
=040  \\$aAGL$beng$cAGL
=100  1\$aGreen, Timothy R.$eauthor$uUSDA, Agricultural Research Service (ARS), Fort Collins, CO, USA
=245  10$aBeneath the surface of global change: Impacts of climate change on groundwater
=300  \\$ap. 532-560.
=520  \\$aGlobal change encompasses changes in the characteristics of inter-related climate variables in space and time, and derived changes in terrestrial processes, including human activities that affect the environment. As such, projected global change includes groundwater systems. Here, groundwater is defined as all subsurface water including soil water, deeper vadose zone water, and unconfined and confined aquifer waters. Potential effects of climate change combined with land and water management on surface waters have been studied in some detail. Equivalent studies of groundwater systems have lagged behind these advances, but research and broader interest in projected climate effects on groundwater have been accelerating in recent years. In this paper, we provide an overview and synthesis of the key aspects of subsurface hydrology, including water quantity and quality, related to global change. Adaptation to global change must include prudent management of groundwater as a renewable, but slow-feedback resource in most cases. Groundwater storage is already over-tapped in many regions, yet available subsurface storage may be a key to meeting the combined demands of agriculture, industry, municipal and domestic water supply, and ecosystems during times of shortage. The future intensity and frequency of dry periods combined with warming trends need to be addressed in the context of groundwater resources, even though projections in space and time are fraught with uncertainty. Finally, potential impacts of groundwater on the global climate system are largely unknown. Research to improve our understanding of the joint behaviors of climate and groundwater is needed, and spin-off benefits on each discipline are likely.
=592  \\$aPublisher supplied data
=593  \\$aPubAg article
=650  \3$aanthropogenic activities
=650  \3$aaquifers
=650  \3$aclimate
=650  \3$aclimate change
=650  \3$aecosystems
=650  \3$agroundwater
=650  \3$aindustry
=650  \3$aland management
=650  \3$apublic water supply
=650  \3$asoil water
=650  \3$aspace and time
=650  \3$asurface water
=650  \3$auncertainty
=650  \3$avadose zone
=650  \3$awater management
=650  \3$awater quality
=700  1\$aTaniguchi, Makoto$eauthor$uResearch Institute for Humanity and Nature (RIHN), Kyoto, Japan
=700  1\$aKooi, Henk$eauthor$uVU University, Amsterdam, The Netherlands
=700  1\$aGurdak, Jason J.$eauthor$uSan Francisco State University, CA, USA
=700  1\$aAllen, Diana M.$eauthor$uSimon Fraser University, Burnaby, BC, Canada
=700  1\$aHiscock, Kevin M.$eauthor$uUniversity of East Anglia, Norwich, UK
=700  1\$aTreidel, Holger$eauthor$uUNESCO, International Hydrological Programme (IHP), Paris, France
=700  1\$aAureli, Alice$eauthor$uUNESCO, International Hydrological Programme (IHP), Paris, France
=773  0\$tJournal of hydrology.$g2011 Aug. 5, v. 405, no. 3-4 p.532-560$dElsevier B.V.$x0022-1694$7nnas
=787  1\$oislandora_article_repository
=787  1\$oproduct_pubag
=787  1\$o(Journal)jnl46539
=856  40$uhttp://dx.doi.org/10.1016/j.jhydrol.2011.05.002$3Available from publisher's site
=912  \\$aArticle
=914  \\$aJournal:jnl46539$b0022-1694$c405$d3-4$e532
=914  \\$fJournal of hydrology
=917  \\$aissued
=918  2\$aElsevier B.V.$eprovider$5DNAL
=935  \\$aIND44604714$9ExL
=949  \\$a2013-04-29
=953  \\$aNAL269200022169404050003.xml
=961  \\$aUSDA/ARS
=962  \\$aBatch:184 annotated on 2013-04-09T11:19:51Z
=962  \\$aBatch:184 reviewed on 2013-04-23T14:00:02Z
=962  \\$aBatch:184 reviewed on 2013-04-29T16:00:03Z
=974  \\$aagid:493135
=983  \\$a2014-11-10
=984  \\$a2014-11-10
=986  \\$a4604714

