=LDR  03933nab a2200733 u 4500
=001  9916320978807426
=005  20221118183705.0
=008  100322e200410\\xx\|||||o|||||||||||eng||
=016  7\$aIND44344024$2DNAL
=024  7\$a10.1007/s10980-005-3990-5$2doi
=024  7\$a10113/40154$2hdl
=035  \\$aagid:40154-01nal_inst
=040  \\$aAGL$beng$cAGL
=072  \0$aF300
=072  \0$aB200
=072  \0$aK001
=072  \0$aX100
=072  \0$aK001
=100  1\$aIverson, Louis R.
=245  10$aPotential colonization of newly available tree-species habitat under climate change: an analysis for five eastern US species
=300  \\$ap. 787-799.
=500  \\$aIncludes references
=520  \\$aWe used a combination of two models, DISTRIB and SHIFT, to estimate potential migration of five tree species into suitable habitat due to climate change over the next 100 years. These species, currently confined to the eastern half of the United States and not extending into Canada, are Diospyros virginiana (persimmon), Liquidambar styraciflua (sweetgum), Oxydendrum arboreum (sourwood), Pinus taeda (loblolly pine), and Quercus falcata var. falcata (southern red oak). DISTRIB uses a statistical approach to assess potential suitable habitat under equilibrium of 2 x CO2. SHIFT uses a cellular automata approach to estimate migration and is driven primarily by the abundance of the species near the boundary, forest density inside and outside of the boundary, and distance between cells. For each cell outside the current boundary, SHIFT creates an estimate of the probability that each unoccupied target cell will become colonized over 100 years. By evaluating the probability of colonization within the potential 'new' suitable habitat, we can estimate the proportion of new habitat that might be colonized within a century. This proportion is low (<15%) for all five species, suggesting that there is a serious lag between the potential movement of suitable habitat and the potential for the species to migrate into the new habitat. However, humans could hasten the migration of certain species by physically moving the propagules, especially for certain rare species that are unable to move sufficiently through fragmented landscapes, or even more common species, e.g., beech, that have lost many of their animal dispersers.
=593  \\$aPubAg article
=650  \3$aforest trees
=650  \3$acolonizing ability
=650  \3$aDiospyros virginiana
=650  \3$aLiquidambar styraciflua
=650  \3$aOxydendrum arboreum
=650  \3$aPinus taeda
=650  \3$aQuercus falcata
=650  \3$aforest habitats
=650  \3$amodels
=650  \3$aprobability analysis
=650  \3$aclimate change
=650  \3$aclimatic factors
=650  \3$ageographical distribution
=650  \3$aspatial data
=651  \3$aEastern United States
=653  \0$aplant migration
=653  \0$arange shifts
=700  1\$aSchwartz, M.W.
=700  1\$aPrasad, Anantha M.
=773  0\$tLandscape ecology.$g2004 Oct., v.  19, no.  7 p.787-799$7nnas
=787  1\$oproduct_pubag
=787  1\$oislandora_pubag_with_text
=787  1\$oislandora_article_repository
=852  \\$aDNAL
=856  40$uhttps://handle.nal.usda.gov/10113/40154$3Available in the National Agricultural Library PubAg search system
=856  40$uhttp://dx.doi.org/10.1007/s10980-005-3990-5$3Available from publisher's Web site
=912  \\$aArticle
=914  \\$fLandscape ecology
=917  \\$aissued
=930  \\$a20100413$b20100501$c00000000
=935  \\$aIND44344024$9ExL
=945  \\$aIND$dLYN$e2010/04/02
=946  \\$aNon-US
=949  \\$a2016-09-13
=952  \\$a20100413 20100501 00000000$bIND LYN 2010/04/02
=961  \\$aUSDA/FS
=974  \\$aagid:40154
=984  \\$a2010-05-01
=985  \\$aConverted from MARCXML to MODS version 3.4 using MARC21slim2MODS3-4.xsl (Revision 1.95 2014/04/23)
=986  \\$a4344024

