=LDR  03924nab a2200973 u 4500
=001  9916321215007426
=005  20221118185329.0
=008  100328e201001\\xx\|||||o|||||||||||eng||
=016  7\$aIND44347082$2DNAL
=024  7\$a10.1175/2009BAMS2769.1$2doi
=024  7\$a10113/40122$2hdl
=035  \\$aagid:40122-01nal_inst
=040  \\$aAGL$beng$cAGL
=072  \0$aB200
=100  1\$aMahmood, Rezaul
=245  10$aImpacts of land use-land cover change on climate and future research priorities
=300  \\$ap. 37-46.
=500  \\$aIncludes references
=520  \\$aSeveral recommendations have been proposed for detecting land use and land cover change (LULCC) on the environment from, observed climatic records and to modeling to improve its understanding and its impacts on climate. Researchers need to detect LULCCs accurately at appropriate scales within a specified time period to better understand their impacts on climate and provide improved estimates of future climate. The US Climate Reference Network (USCRN) can be helpful in monitoring impacts of LULCC on near-surface atmospheric conditions, including temperature. The USCRN measures temperature, precipitation, solar radiation, and ground or skin temperature. It is recommended that the National Climatic Data Center (NCDC) and other climate monitoring agencies develop plans and seek funds to address any monitoring biases that are identified and for which detailed analyses have not been completed.
=593  \\$aPubAg article
=593  \\$cUSDA submission
=650  \3$aland use
=650  \3$avegetation cover
=650  \3$aclimate change
=650  \3$aresearch
=650  \3$aanthropogenic activities
=650  \3$aenvironmental monitoring
=650  \3$ameteorological data
=650  \3$amodels
=700  1\$aPielke, Roger A. Sr.
=700  1\$aHubbard, Kenneth G.
=700  1\$aNiyogi, Dev
=700  1\$aBonan, Gordon
=700  1\$aLawrence, Peter
=700  1\$aMcNider, Richard
=700  1\$aMcAlpine, Clive
=700  1\$aEtter, Andres
=700  1\$aGameda, Samuel
=700  1\$aQian, Budong
=700  1\$aCarleton, Andrew
=700  1\$aBeltran-Przekurat, Adriana
=700  1\$aChase, Thomas
=700  1\$aQuintanar, Arturo I.
=700  1\$aAdegoke, Jimmy O.
=700  1\$aVezhapparambu, Sajith
=700  1\$aConner, Glen
=700  1\$aAsefi, Salvi
=700  1\$aSertel, Elif
=700  1\$aLegates, David R.
=700  1\$aWu, Yuling
=700  1\$aHale, Robert
=700  1\$aFrauenfeld, Oliver W.
=700  1\$aWatts, Anthony
=700  1\$aShepherd, Marshall
=700  1\$aMitra, Chandana
=700  1\$aAnantharaj, Valentine G.
=700  1\$aFall, Souleymane
=700  1\$aLund, Robert
=700  1\$aTrevino, Anna
=700  1\$aBlanken, Peter
=700  1\$aDu, Jinyang
=773  0\$tBulletin of the American Meteorological Society.$g2010 Jan., v.  91, no.  1 p.37-46$x0003-0007$7nnas
=787  1\$oproduct_pubag
=787  1\$oislandora_article_repository
=787  1\$oislandora_pubag_with_text
=787  1\$o(Journal)jnl4623929
=852  \\$aDNAL
=856  40$uhttps://handle.nal.usda.gov/10113/40122$3Available in the National Agricultural Library PubAg search system
=856  40$uhttp://dx.doi.org/10.1175/2009BAMS2769.1$3Available from publisher's Web site
=912  \\$aArticle
=914  \\$aJournal:jnl4623929$b0003-0007$c91$d1$e37
=914  \\$fBulletin of the American Meteorological Society
=917  \\$aissued
=930  \\$a20100405$b20100501$c00000000
=935  \\$aIND44347082$9ExL
=945  \\$aIND$dGAY$e2010/04/05
=946  \\$aOther US
=949  \\$a2014-07-17
=952  \\$a20100405 20100501 00000000$bIND GAY 2010/04/05
=961  \\$aUSDA/ARS
=974  \\$aagid:40122
=984  \\$a2010-05-01
=985  \\$aConverted from MARCXML to MODS version 3.4 using MARC21slim2MODS3-4.xsl (Revision 1.95 2014/04/23)
=986  \\$a4347082

