=LDR  04302nab a2200709 u 4500
=001  9916321662107426
=005  20221118191228.0
=008  210128e20201015xx\|||||o|||||||||||eng||
=016  7\$aIND607256671$2DNAL
=024  7\$a10.1093/jee/toaa217$2doi
=035  \\$aagid:7256671-01nal_inst
=040  \\$aAGL$beng$cAGL
=100  1\$aGould, Juli R.$eauthor$uUSDA APHIS PPQ S&T, Otis ANGB Lab, MA 02542
=245  10$aHost Overwintering Phenology and Climate Change Influence the Establishment of Tetrastichus planipennisi Yang (Hymenoptera: Eulophidae), a Larval Parasitoid Introduced for Biocontrol of the Emerald Ash Borer
=300  \\$ap. 2641-2649.
=500  \\$aNAL-AP-2-clean
=520  \\$aEmerald ash borer, Agrilus planipennis Fairmaire (Coleoptera: Buprestidae), is one of the most serious forest pests in the United States. Ongoing research indicates that establishment of larval parasitoids depends upon the season-long availability of host stages susceptible to parasitism. We monitored emerald ash borer overwintering stages at 90 sites across 22 states to: 1) produce a model of the percentage of emerald ash borer overwintering as non-J larvae; 2) link that model to establishment of Tetrastichus planipennisi; and 3) explore changes to our model under climate change scenarios. Accumulated growing degree days (GDD) is an important predictor of the proportion of emerald ash borer overwintering as non-J larvae (1-4 instar larvae under the bark; available to parasitoids emerging in spring) versus J-larvae (fourth-instar larvae in pupal chambers in the outer wood; unavailable to parasitoids). From north to south, the availability of non-J emerald ash borer larvae in the spring decreases as accumulated GDD increases. In areas where the model predicted >46-75%, >30-46%, >13-30%, or ≤13% of emerald ash borer overwintering as non-J larvae, the probability of establishment of T. planipennisi was 92%, 67%, 57%, and 21%, respectively. We determined that 13% of emerald ash borer overwintering as non-J larvae was the lowest threshold for expected T. planipennisi establishment. Additional modeling predicts that under climate change, establishment of T. planipennisi will be most affected in the Central United States, with areas that are currently suitable becoming unsuitable. Our results provide a useful tool for the emerald ash borer biological control program on how to economically and successfully deploy emerald ash borer biological control agents.
=592  \\$aPublisher supplied data
=593  \\$aPubAg article
=650  \3$aAgrilus planipennis
=650  \3$aTetrastichus planipennisi
=650  \3$abark
=650  \3$abiological control
=650  \3$aclimate change
=650  \3$aentomology
=650  \3$aforests
=650  \3$ainstars
=650  \3$amodels
=650  \3$aoverwintering
=650  \3$aparasitism
=650  \3$aparasitoids
=650  \3$aphenology
=650  \3$aprobability
=650  \3$apupae
=650  \3$aspring
=650  \3$awood
=653  \0$aemerald ash borer
=653  \0$agrowing degree days
=653  \0$amodeling
=700  1\$aWarden, Melissa L.$eauthor$uUSDA APHIS PPQ S&T, Otis ANGB Lab, MA 02542
=700  1\$aSlager, Benjamin H.$eauthor$uUSDA APHIS PPQ 5936 Ford Court Suite 200, Brighton, MI 48116
=700  1\$aMurphy, Theresa C.$eauthor$uUSDA APHIS PPQ S&T, Otis ANGB Lab, MA 02542
=773  0\$tJournal of economic entomology.$g2020 Oct. 15, v. 113, no. 6 p.2641-2649$dEntomological Society of America$wJournal:jnl46276$x0022-0493$7nnas
=787  1\$oislandora_article_repository
=787  1\$oproduct_pubag
=787  1\$o(Journal)jnl46276
=856  40$uhttp://dx.doi.org/10.1093/jee/toaa217$3Available from publisher's site
=912  \\$aArticle
=914  \\$aJournal:jnl46276$b0022-0493$c113$d6$e2641
=914  \\$fJournal of economic entomology
=916  \\$aBatch:10073
=917  \\$aissued
=918  2\$aBioOne$eprovider$5DNAL
=935  \\$aIND607256671$9ExL
=949  \\$a2021-05-24
=953  \\$a/data/metadata/incoming/bioone/toaa217_front.xml.zip
=954  \\$afile:/data/metadata/staging/bioone/toaa217_front.xml
=955  \\$a/data/metadata/staging/bioone/
=961  \\$aUSDA/APHIS
=974  \\$aagid:7256671
=983  \\$a2021-01-28
=984  \\$a2021-05-24

