=LDR  04688nab a2200745 u 4500
=001  9916327486607426
=005  20221118165732.0
=008  151105e201407\\xx\|||||o|||||||||||eng||
=016  7\$aIND601261066$2DNAL
=024  7\$a10.1654/4724b.1$2doi
=035  \\$aagid:1261066-01nal_inst
=040  \\$aAGL$beng$cAGL
=100  1\$aBrooks, Daniel R.$eauthor$uH. W. Manter Laboratory of Parasitology, University of Nebraska State Museum of Natural History, University of Nebraska, Lincoln, Nebraska 68588-0514, U.S.A.
=245  10$aFinding Them Before They Find Us: Informatics, Parasites, and Environments in Accelerating Climate Change
=300  \\$ap. 155-164.
=520  \\$aParasites are agents of disease in humans, livestock, crops, and wildlife and are powerful representations of the ecological and historical context of the diseases they cause. Recognizing a nexus of professional opportunities and global public need, we gathered at the Cedar Point Biological Station of the University of Nebraska in September 2012 to formulate a cooperative and broad platform for providing essential information about the evolution, ecology, and epidemiology of parasites across host groups, parasite groups, geographical regions, and ecosystem types. A general protocol, documentation-assessment-monitoring-action (DAMA), suggests an integrated proposal to build a proactive capacity to understand, anticipate, and respond to the outcomes of accelerating environmental change. We seek to catalyze discussion and mobilize action within the parasitological community and, more widely, among zoologists and disease ecologists at a time of expanding environmental perturbation.
=592  \\$aPublisher supplied data
=593  \\$aPubAg article
=650  \3$aclimate change
=650  \3$acrops
=650  \3$aecologists
=650  \3$aecosystems
=650  \3$aepidemiology
=650  \3$aevolution
=650  \3$ahumans
=650  \3$alivestock
=650  \3$aparasites
=650  \3$awildlife
=650  \3$azoologists
=653  \0$adocumentation-assessment-monitoring-action
=653  \0$aclimate change
=653  \0$abiodiversity
=653  \0$aemerging infectious disease
=653  \0$aparasites
=653  \0$ahosts
=653  \0$aepidemiology
=653  \0$aecology
=653  \0$aevolution
=700  1\$aHoberg, Eric P.$eauthor$uU.S. National Parasite Collection, Agricultural Research Service, USDA, Beltsville Area Research Center, BARC East 1180 Beltsville, Maryland 20705, U.S.A.
=700  1\$aBoeger, Walter A.$eauthor$uLaboratório de Ecologia Molecular e Parasitologia Evolutiva, Universidade Federal do Paraná, Caixa Postal 19073, Curitiba, PR 81531-980, Brazil
=700  1\$aGardner, Scott L.$eauthor$uH. W. Manter Laboratory of Parasitology, University of Nebraska State Museum of Natural History, University of Nebraska, Lincoln, Nebraska 68588-0514, U.S.A.
=700  1\$aGalbreath, Kurt E.$eauthor$uDepartment of Biology, Northern Michigan University, 1401 Presque Isle Avenue, Marquette, Michigan 49855, U.S.A.
=700  1\$aHerczeg, Dávid$eauthor$uMTA-DE "Lendület" Behavioural Ecology Research Group, University of Debrecen 1 Egyetem-tér, Debrecen, Hungary
=700  1\$aMejía-Madrid, Hugo H.$eauthor$uDepartamento de Ecología y Recursos Naturales, Laboratorio de Ecología y Sistemática de Microartrópodos, Facultad de Ciencias, Universidad Nacional Autónoma de México, Mexico D.F., C.P. 04510, Mexico
=700  1\$aRácz, S. Elizabeth$eauthor$uH. W. Manter Laboratory of Parasitology, University of Nebraska State Museum of Natural History, University of Nebraska, Lincoln, Nebraska 68588-0514, U.S.A.
=700  1\$aDursahinhan, Altangerel Tsogtsaikhan$eauthor$uH. W. Manter Laboratory of Parasitology, University of Nebraska State Museum of Natural History, University of Nebraska, Lincoln, Nebraska 68588-0514, U.S.A.
=773  0\$tComparative parasitology.$g2014 July, v. 81, no. 2 p.155-164$dThe Helminthological Society of Washington$x1525-2647$7nnas
=787  1\$oislandora_article_repository
=787  1\$oproduct_pubag
=787  1\$o(Journal)18529
=856  40$uhttp://dx.doi.org/10.1654%2F4724b.1$3Available from publisher's site
=912  \\$aArticle
=914  \\$aJournal:18529$b1525-2647$c81$d2$e155
=914  \\$fComparative parasitology
=916  \\$aBatch:1349
=917  \\$aissued
=918  2\$aBioOne$eprovider$5DNAL
=935  \\$aIND601261066$9ExL
=949  \\$a2016-07-11
=953  \\$aCOPAv81i2-08011326-398945.zip
=961  \\$aUSDA/ARS
=962  \\$aBatch:1349 reviewed on 2016-07-11T04:00:03Z
=974  \\$aagid:1261066
=983  \\$a2015-11-05
=984  \\$a2016-07-11

