=LDR  04006nab a2200745 u 4500
=001  9916328426407426
=005  20221118175145.0
=008  130503s2013\\\\xx\|||||o|||||||||||eng||
=016  7\$aIND500661515$2DNAL
=024  7\$a10.1071/MF12164$2doi
=035  \\$aagid:440513-01nal_inst
=040  \\$aAGL$beng$cAGL
=100  1\$aHatfield, J. L.$uUnited States Department of Agriculture, Agricultural Research Service, National Laboratory for Agriculture and Environment, Ames, IA 50011, USA.
=245  10$aConvergence of agricultural intensification and climate change in the Midwestern United States: implications for soil and water conservation
=300  \\$ap. 423-435.
=500  \\$a2019-12-06
=520  \\$aSociety faces substantial challenges to expand food production while adapting to climatic changes and ensuring ecosystem services are maintained. A convergence of these issues is occurring in the Midwestern United States, i.e. the 'cornbelt' region that provides substantial grain supplies to world markets but is also well known for its contribution to hypoxic conditions in the Gulf of Mexico due to agricultural nutrient losses. This review examines anticipated trends in climate and possible consequences for grain production and soil resource management in this region. The historic climate of this region has been ideal for large-scale agriculture, and its soils are among the world's most productive. Yet under current trends, degradation of the soil resource threatens our capacity to ensure a stable food supply and a clean environment in the face of a changing climate. A set of strategies and practices can be implemented to meet these challenges by maintaining and improving hydrologic and plant-growth functions of soil, which will improve outcomes for aquatic ecosystems and for the agricultural sector. Soil management ensures our long-term capacity to provide a reliable food supply, and mitigates pressures to expand agricultural practices into marginal croplands that would lead to further environmental degradation.
=592  \\$aPublisher supplied data
=593  \\$aPubAg article
=650  \3$acrop production
=650  \3$asoil conservation
=650  \3$aanaerobic conditions
=650  \3$aworld markets
=650  \3$aagricultural land
=650  \3$aecosystem services
=650  \3$asoil degradation
=650  \3$asoil
=650  \3$aagricultural industry
=650  \3$aclimate change
=650  \3$afood availability
=650  \3$ahydrology
=650  \3$afood production
=650  \3$agrains
=650  \3$asoil management
=650  \3$asoil resources
=650  \3$aclimate
=651  \3$aMidwestern United States
=651  \3$aGulf of Mexico
=653  \0$aagroecosystems
=653  \0$afood supply
=653  \0$afood security
=653  \0$ahypoxia
=700  1\$aCruse, R. M.$uIowa State University, Department of Agronomy, Ames, IA 50011, USA.
=700  1\$aTomer, M. D.$uUnited States Department of Agriculture, Agricultural Research Service, National Laboratory for Agriculture and Environment, Ames, IA 50011, USA.
=773  0\$tMarine & freshwater research.$g2013, v. 64, no. 5 p.423-435$dCSIRO Publishing$x1323-1650$7nnas
=787  1\$oislandora_article_repository
=787  1\$oproduct_pubag
=787  1\$o(Journal)jnl3957320
=856  40$uhttp://dx.doi.org/10.1071/MF12164
=912  \\$aArticle
=914  \\$aJournal:jnl3957320$b1323-1650$c64$d5$e423
=914  \\$fMarine & freshwater research
=917  \\$aissued
=918  2\$aCommonwealth Scientific and Industrial Research Organisation (CSIRO)$eprovider$5DNAL
=935  \\$aIND500661515$9ExL
=949  \\$a2013-09-18
=951  \\$a2013-05-03
=953  \\$aMF_64_5.ZIP
=961  \\$aUSDA/ARS
=962  \\$aBatch:331 annotated on 2013-08-27T14:59:35Z
=962  \\$aBatch:331 reviewed on 2013-09-17T14:00:02Z
=962  \\$aBatch:331 reviewed on 2013-09-18T06:00:02Z
=974  \\$aagid:440513
=983  \\$a2013-05-03
=984  \\$a2013-05-03

