=LDR  03623nab a2200613 u 4500
=001  9916328937507426
=005  20221118182136.0
=008  160321e20130314xx\|||||o|||||||||||eng||
=016  7\$aIND605158609$2DNAL
=024  7\$a10.1139/cjfr-2012-0331$2doi
=035  \\$aagid:5158609-01nal_inst
=040  \\$aAGL$beng$cAGL
=100  1\$aNepal, Prakash$eauthor$u227 School of Renewable Natural Resources Building, LSU AgCenter, Baton Rouge, LA 70803, USA.
=245  10$aProjected US timber and primary forest product market impacts of climate change mitigation through timber set-asides
=300  \\$ap. 245-255.
=520  \\$aWhereas climate change mitigation involving payments to forest landowners for accumulating carbon on their land may increase carbon stored in forests, it will also affect timber supply and prices. This study estimated the effect on US timber and primary forest product markets of hypothetical timber set-aside scenarios where US forest landowners would be paid to forego timber harvests for 100 years to increase carbon storage on US timberland. The scenarios featured payments to landowners of {dollar}0 (business-as-usual (BAU)), {dollar}10, and {dollar}15 per each additional metric ton (t) of carbon dioxide equivalent (CO₂e) sequestered on the set-aside timberlands, with maximum annual expenditures of {dollar}3 billion. For the set-aside scenarios, reduction in timberland available for harvest resulted in increased timber prices and changes in US domestic production, consumption, net export, and timber market welfare. Economic analyses indicated that the scenario with more area set aside and the largest carbon mitigation benefit (lower carbon price, {dollar}10/t CO₂e) would result in the largest decrease in market welfare, suggesting that climate change mitigation policies and programs would need to consider such impacts when evaluating the costs and benefits of climate change mitigation strategies in the forest sector.
=592  \\$aPublisher supplied data
=593  \\$aPubAg article
=650  \3$acarbon
=650  \3$acarbon dioxide
=650  \3$acarbon markets
=650  \3$acarbon sequestration
=650  \3$aclimate change
=650  \3$aeconomic analysis
=650  \3$aexports
=650  \3$aforests
=650  \3$aissues and policy
=650  \3$alandowners
=650  \3$aprices
=650  \3$atimber supply
=650  \3$awoodlands
=651  \3$aUnited States
=700  1\$aInce, Peter J.$eauthor$uUSDA Forest Service, Forest Products Laboratory, One Gifford Pinchot Drive, Madison, WI 53726, USA.
=700  1\$aSkog, Kenneth E.$eauthor$uUSDA Forest Service, Forest Products Laboratory, One Gifford Pinchot Drive, Madison, WI 53726, USA.
=700  1\$aChang, Sun J.$eauthor$u227 School of Renewable Natural Resources Building, LSU AgCenter, Baton Rouge, LA 70803, USA.
=773  0\$tCanadian journal of forest research =.$g2013 Mar. 14, v. 43, no. 3 p.245-255$dNRC Research Press$x1208-6037$7nnas
=787  1\$oislandora_article_repository
=787  1\$oproduct_pubag
=787  1\$o(Journal)jnl2003
=856  40$uhttp://dx.doi.org/10.1139/cjfr-2012-0331$3Available from publisher's site
=912  \\$aArticle
=914  \\$aJournal:jnl2003$b1208-6037$c43$d3$e245
=914  \\$fCanadian journal of forest research =
=916  \\$aBatch:1389
=917  \\$aissued
=918  2\$aNRC Canada$eprovider$5DNAL
=935  \\$aIND605158609$9ExL
=949  \\$a2016-08-22
=953  \\$aCJFRv43i3-04040855-313291.zip
=961  \\$aUSDA/FS
=962  \\$aBatch:1389 reviewed on 2016-08-22T13:00:02Z
=974  \\$aagid:5158609
=983  \\$a2016-03-21
=984  \\$a2016-08-22

