=LDR  03934nab a2200649 u 4500
=001  9916329330807426
=005  20221118184844.0
=008  160321e20140103xx\|||||o|||||||||||eng||
=016  7\$aIND605158766$2DNAL
=024  7\$a10.1139/cjfr-2013-0383$2doi
=035  \\$aagid:5158766-01nal_inst
=040  \\$aAGL$beng$cAGL
=100  1\$aLucash, Melissa S.$eauthor$uDepartment of Environmental Science and Management, Portland State University, Portland, OR 97201, USA.
=245  10$aImpacts of fire and climate change on long-term nitrogen availability and forest productivity in the New Jersey Pine Barrens
=300  \\$ap. 404-412.
=520  \\$aIncreased wildfires and temperatures due to climate change are expected to have profound effects on forest productivity and nitrogen (N) cycling. Forecasts about how wildfire and climate change will affect forests seldom consider N availability, which may limit forest response to climate change, particularly in fire-prone landscapes. The overall objective of this study was to examine how wildfire and climate change affect long-term mineral N availability in a fire-prone landscape. We employed a commonly used landscape simulation model (LANDIS-II) in the New Jersey Pine Barrens, a landscape characterized by frequent small fires and fire-resilient vegetation. We found that fire had little effect on mineral N, whereas climate change and fire together reduced mineral N by the end of the century. Though N initially limited forest productivity, mineral N was no longer limiting after 50 years. Our results suggest that mineral N is resilient to fire under our current climate but not under climate change. Also, predictions that do not consider N limitation may underestimate short-term but not long-term productivity responses to climate change. Together these results illustrate the importance of including N dynamics when simulating the effects of climate change on forest productivity, particularly in fire-prone regions such as the New Jersey Pine Barrens.
=592  \\$aPublisher supplied data
=593  \\$aPubAg article
=650  \3$aclimate
=650  \3$aclimate change
=650  \3$aforests
=650  \3$alandscapes
=650  \3$anitrogen
=650  \3$anitrogen cycle
=650  \3$apine barrens
=650  \3$aprediction
=650  \3$asimulation models
=650  \3$atemperature
=650  \3$awildfires
=651  \3$aNew Jersey
=653  \0$aCentury
=653  \0$aforest simulation model
=653  \0$aLANDIS-II
=653  \0$anitrogen cycle
=700  1\$aScheller, Robert M.$eauthor$uDepartment of Environmental Science and Management, Portland State University, Portland, OR 97201, USA.
=700  1\$aKretchun, Alec M.$eauthor$uDepartment of Environmental Science and Management, Portland State University, Portland, OR 97201, USA.
=700  1\$aClark, Kenneth L.$eauthor$uUSDA Forest Service, Silas Little Experimental Forest, 501 Four Mile Road, New Lisbon, NJ 08064, USA.
=700  1\$aHom, John$eauthor$uUSDA Forest Service, Northern Research Station, 11 Campus Blvd., Suite 200, Newtown Square, PA 19073, USA.
=773  0\$tCanadian journal of forest research.$g2014 Jan. 3, v. 44, no. 5 p.404-412$dNRC Research Press$wJournal:jnl2003$x0045-5067$7nnas
=787  1\$oislandora_article_repository
=787  1\$oproduct_pubag
=787  1\$o(Journal)jnl2003
=856  40$uhttp://dx.doi.org/10.1139/cjfr-2013-0383$3Available from publisher's site
=912  \\$aArticle
=914  \\$aJournal:jnl2003$b1208-6037$c44$d5$e404
=914  \\$fCanadian journal of forest research
=916  \\$aBatch:1389
=917  \\$aissued
=918  2\$aNRC Canada$eprovider$5DNAL
=935  \\$aIND605158766$9ExL
=949  \\$a2016-08-22
=953  \\$aCJFRv44i5-04210953-439355.zip
=961  \\$aUSDA/FS
=962  \\$aBatch:1389 reviewed on 2016-08-22T13:00:02Z
=974  \\$aagid:5158766
=983  \\$a2016-03-21
=984  \\$a2019-05-06

