=LDR  05929nab a2200697 u 4500
=001  9916329539907426
=005  20221118185258.0
=008  161030e199908\\dcu|||||o|||||||||||eng||
=016  7\$aIND22002799$2DNAL
=024  7\$a10.1890/0012-9615(1999)069[0375:GRTCIP]2.0.CO;2$2doi
=035  \\$aagid:1942284-01nal_inst
=040  \\$aAGL$beng$cAGL
=100  1\$aRehfeldt, Gerald E.$eauthor$uRocky Mountain Research Station, USDA Forest Service, 1221 South Main Street, Moscow, Idaho 83843 USA
=245  10$aGenetic responses to climate in pinus contorta: niche breadth, climate change, and reforestation
=300  \\$ap. 375-407.
=500  \\$aJOURNAL ARTICLE
=520  \\$aFundamental plant-environment relationships were revealed by analyses of 20‐yr height and survival of 118 populations representing two subspecies of Pinus contorta growing in common gardens at 60 environmentally disparate test sites in British Columbia. The approach involved (1) preparing models that described the general climate of British Columbia, (2) developing population‐specific response functions driven by predicted climate variables, (3) developing general transfer functions that predict performance from the climatic distances over which populations were transferred, and (4) interpreting the results in terms of niche breadth, effects of climate change on adaptedness of populations, and reforestation in a changing environment. Polynomial regression models used physiographic descriptors to predict seven climate variables from normalized records of 513 weather stations. Values of R² ranged over 0.80-0.97 for thermal variables and 0.54-0.61 for precipitation variables. Validations with independent data from 45 stations were strong and suggested that the models were generally free of bias within the limits of the original data. Response functions describing the height or survival of each population were developed from quadratic regressions using predicted climate variables for each test site. Mean annual temperature and mean temperature in the coldest month were the most effective variables for predicting population height, while the ratio of summer temperature to summer moisture was the best predictor of survival. Validation of the response functions with independent data from two additional test sites produced values of R² between actual and predicted values that were as high as 0.93 for height and 0.73 for survival. The results demonstrated that natural populations have different climatic optima but tend to occupy suboptimal environments. Nevertheless, the general transfer functions showed that optimal growth and survival of the species as a whole is associated with the null transfer distance. These seemingly anomalous results suggest that the same processes thought to determine the distribution of species control the distribution of genotypes within species: (1) environmental selection to produce a broad fundamental niche, and (2) density‐dependent selection to produce a relatively narrow realized niche within which most populations are relegated to suboptimal environments. Consequently, the steep geographic clines typical of P. contorta seem to be driven more by density‐dependent selection than by environmental selection. Asymmetric gene flow from the center of distribution toward the periphery is viewed as a primary regulator that provides the fuel for both environmental and density‐dependent selection and thereby indirectly perpetuates suboptimality. The response functions predict that small changes in climate will greatly affect growth and survival of forest tree populations and, therefore, that maintaining contemporary forest productivities during global warming will require a wholesale redistribution of genotypes across the landscape. The response functions also provide the climatic bases to current reforestation guidelines and quantify the adjustments necessary for maintaining adaptedness in planted trees during periods of small (∼1°C) temporal temperature shifts.
=592  \\$aPublisher supplied data
=593  \\$aPubAg article
=650  \3$aPinus contorta
=650  \3$aclimatic factors
=650  \3$adensity dependent selection
=650  \3$aforest trees
=650  \3$aforests
=650  \3$agene flow
=650  \3$agenotype
=650  \3$aglobal warming
=650  \3$aguidelines
=650  \3$alandscapes
=650  \3$amodels
=650  \3$aprediction
=650  \3$areforestation
=650  \3$aregression analysis
=650  \3$asummer
=650  \3$atemperature
=650  \3$aweather stations
=651  \3$aBritish Columbia
=700  1\$aYing, Cheng C.$eauthor$uBritish Columbia Ministry of Forests, Research Branch, P.O. Box 9519,Victoria, British Columbia, Canada V8W 9C2
=700  1\$aSpittlehouse, David L.$eauthor$uBritish Columbia Ministry of Forests, Research Branch, P.O. Box 9519,Victoria, British Columbia, Canada V8W 9C2
=700  1\$aHamilton, David A., Jr.$cJr.$eauthor$uRocky Mountain Research Station, USDA Forest Service, 1221 South Main Street, Moscow, Idaho 83843 USA
=773  0\$tEcological monographs.$g1999 Aug., v. 69, no. 3 p.375-407$dEcological Society of America$x0012-9615$7nnas
=787  1\$oislandora_article_repository
=787  1\$oproduct_pubag
=787  1\$o(Journal)19342
=852  \\$aDNAL
=856  40$uhttp://dx.doi.org/10.1890/0012-9615(1999)069%5B0375:GRTCIP%5D2.0.CO;2$3Available from publisher's site
=912  \\$aArticle
=914  \\$aJournal:19342
=914  \\$fEcological monographs
=916  \\$aBatch:2277
=917  \\$aissued
=918  2\$aJohn Wiley & Sons, Inc$eprovider$5DNAL
=935  \\$aIND22002799$9ExL
=949  \\$a2019-08-16
=953  \\$a00129615_1999_69_3.xml
=961  \\$aUSDA/FS
=962  \\$aBatch:2277 reviewed on 2019-08-16T14:00:05Z
=974  \\$aagid:1942284
=983  \\$a2016-10-30
=984  \\$a2019-08-16
=986  \\$a3360286

