=LDR  04242nab a2200697 u 4500
=001  9916333239507426
=005  20221118142309.0
=008  180321e200712\\xx\|||||o|||||||||||eng||
=016  7\$aIND44007210$2DNAL
=024  7\$a10113/9757$2hdl
=024  7\$a18213958$2pmid
=024  7\$a10.1890/06-1715.1$2doi
=035  \\$aagid:9757-01nal_inst
=040  \\$aAGL$beng$cAGL
=100  1\$aMillar, Constance I.$eauthor$uUSDA Forest Service, Sierra Nevada Research Center, Pacific Southwest Research Station, 800 Buchanan Street, Albany, California 94710 USA. cmillar@fs.fed.us
=245  10$aClimate change and forests of the future: managing in the face of uncertainty
=300  \\$ap. 2145-2151.
=500  \\$aJOURNAL ARTICLE
=520  \\$aWe offer a conceptual framework for managing forested ecosystems under an assumption that future environments will be different from present but that we cannot be certain about the specifics of change. We encourage flexible approaches that promote reversible and incremental steps, and that favor ongoing learning and capacity to modify direction as situations change. We suggest that no single solution fits all future challenges, especially in the context of changing climates, and that the best strategy is to mix different approaches for different situations. Resources managers will be challenged to integrate adaptation strategies (actions that help ecosystems accommodate changes adaptively) and mitigation strategies (actions that enable ecosystems to reduce anthropogenic influences on global climate) into overall plans. Adaptive strategies include resistance options (forestall impacts and protect highly valued resources), resilience options (improve the capacity of ecosystems to return to desired conditions after disturbance), and response options (facilitate transition of ecosystems from current to new conditions). Mitigation strategies include options to sequester carbon and reduce overall greenhouse gas emissions. Priority‐setting approaches (e.g., triage), appropriate for rapidly changing conditions and for situations where needs are greater than available capacity to respond, will become increasingly important in the future.
=592  \\$aPublisher supplied data
=593  \\$aPubAg article
=650  \3$aclimate change
=650  \3$aforest management
=650  \3$aforest ecosystems
=650  \3$aanthropogenic activities
=650  \3$apollution control
=650  \3$acarbon sequestration
=650  \3$agreenhouse gases
=650  \3$aair pollution
=650  \3$aforest fires
=650  \2$aConservation of Natural Resources$xmethods
=650  \2$aEcosystem
=650  \2$aForestry$xmethods
=650  \2$aGreenhouse Effect
=650  \2$aTrees$xphysiology
=650  \2$aUncertainty
=700  1\$aStephenson, Nathan L.$eauthor$uU.S. Geological Survey, Sequoia-Kings Canyon Field Station, 47050 Generals Highway, Three Rivers, California 93271 USA
=700  1\$aStephens, Scott L.$eauthor$uDivision of Ecosystem Science, Department of Environmental Science, Policy, and Management, 137 Mulford Hall, University of California, Berkeley, California 94720-3114 USA
=773  0\$tEcological applications.$g2007 Dec., v. 17, no. 8 p.2145-2151$dEcological Society of America$wJournal:jnl47193$x1051-0761$7nnas
=787  1\$oproduct_pubag
=787  1\$oislandora_article_repository
=787  1\$oislandora_pubag_with_text
=787  1\$o(Journal)jnl47193
=852  \\$aDNAL
=856  40$uhttps://handle.nal.usda.gov/10113/9757$3Available in the National Agricultural Library PubAg search system
=856  40$uhttps://dx.doi.org/10.1890/06-1715.1$3Available from publisher's site
=912  \\$aArticle
=914  \\$aJournal:jnl47193$b1051-0761$c17$d8$e2145
=914  \\$fEcological applications
=917  \\$aissued
=918  2\$aJohn Wiley & Sons, Inc$eprovider$5DNAL
=935  \\$aIND44007210$9ExL
=949  \\$a2018-03-21
=953  \\$a/data/metadata/incoming/wiley/10510761_2007_17_8.xml
=954  \\$afile:/data/metadata/staging/wiley/10510761_2007_17_8.xml
=955  \\$a/data/metadata/staging/wiley/
=961  \\$aUSDA/FS
=974  \\$aagid:9757
=983  \\$a2018-03-21
=984  \\$a2018-03-21
=986  \\$a4007210

