=LDR  05347nab a2200709 u 4500
=001  9916333430807426
=005  20221118144706.0
=008  181002e200712\\xx\|||||o|||||||||||eng||
=016  7\$aIND44004468$2DNAL
=024  7\$a10113/9747$2hdl
=024  7\$a10.1097/ss.0b013e31815cc498$2doi
=035  \\$aagid:9747-01nal_inst
=040  \\$aAGL$beng$cAGL
=100  1\$aLal, R.$eauthor
=245  10$aSoil carbon sequestration to mitigate climate change and advance food security
=300  \\$ap. 943-956.
=500  \\$aAffiliations: 1Carbon Management and Sequestration Center, The Ohio State University, Columbus, OH. Dr. Lal is corresponding author. E-mail: lal.1@osu.edu 2Natural Resources Research Center, USDA-ARS, Fort Collins, CO. 3Dryland Agriculture Institute, West Texas A&M University, Canyon, TX. 4USDA-NRCS, Lincoln, NE.
=500  \\$a2019-12-06
=520  \\$aWorld soils have been a source of atmospheric carbon dioxide since the dawn of settled agriculture, which began about 10 millennia ago. Most agricultural soils have lost 30% to 75% of their antecedent soil organic carbon (SOC) pool or 30 to 40 t C ha. The magnitude of loss is often more in soils prone to accelerated erosion and other degradative processes. On a global scale, CO2-C emissions since 1850 are estimated at 270 ± 30 giga ton (billion ton or Gt) from fossil fuel combustion compared with 78 ± 12 Gt from soils. Consequently, the SOC pool in agricultural soils is much lower than their potential capacity. Furthermore, depletion of the SOC pool also leads to degradation in soil quality and declining agronomic/biomass productivity. Therefore, conversion to restorative land uses (e.g., afforestation, improved pastures) and adoption of recommended management practices (RMP) can enhance SOC and improve soil quality. Important RMP for enhancing SOC include conservation tillage, mulch farming, cover crops, integrated nutrient management including use of manure and compost, and agroforestry. Restoration of degraded/desertified soils and ecosystems is an important strategy. The rate of SOC sequestration, ranging from 100 to 1000 kg ha year, depends on climate, soil type, and site-specific management. Total potential of SOC sequestration in the United States of 144 to 432 Mt year (288 Mt year) comprises 45 to 98 Mt in cropland, 13 to 70 Mt in grazing land, and 25 to 102 Mt in forestland. The global potential of SOC sequestration is estimated at 0.6 to 1.2 Gt C year, comprising 0.4 to 0.8 Gt C year through adoption of RMP on cropland (1350 Mha), and 0.01 to 0.03 Gt C year on irrigated soils (275 Mha), and 0.01 to 0.3 Gt C year through improvements of rangelands and grasslands (3700 Mha). In addition, there is a large potential of C sequestration in biomass in forest plantations, short rotation woody perennials, and so on. The attendant improvement in soil quality with increase in SOC pool size has a strong positive impact on agronomic productivity and world food security. An increase in the SOC pool within the root zone by 1 t C ha year can enhance food production in developing countries by 30 to 50 Mt year including 24 to 40 Mt year of cereal and legumes, and 6 to 10 Mt year of roots and tubers. Despite the enormous challenge of SOC sequestration, especially in regions of warm and arid climates and predominantly resource-poor farmers, it is a truly a win-win strategy. While improving ecosystem services and ensuring sustainable use of soil resources, SOC sequestration also mitigates global warming by offsetting fossil fuel emissions and improving water quality by reducing nonpoint source pollution.
=592  \\$aPublisher supplied data
=593  \\$aPubAg article
=650  \3$arange management
=650  \3$aagricultural soils
=650  \3$afood crops
=650  \3$asoil organic carbon
=650  \3$apastures
=650  \3$aagroforestry
=650  \3$aafforestation
=650  \3$asoil quality
=650  \3$asoil degradation
=650  \3$acarbon sequestration
=650  \3$aglobal warming
=650  \3$afood security
=650  \3$afood production
=650  \3$aconservation tillage
=653  \0$aclimate change
=700  1\$aFollett, R. F.$eauthor
=700  1\$aStewart, B. A.$eauthor
=700  1\$aKimble, J. M.$eauthor
=773  0\$tSoil science.$g2007 Dec., v. 172, no. 12 p.943-956$dLippincott Williams & Wilkins$wJournal:jnl44572$x0038-075X$7nnas
=787  1\$oproduct_pubag
=787  1\$oislandora_article_repository
=787  1\$oislandora_pubag_with_text
=787  1\$o(Journal)jnl44572
=852  \\$aDNAL
=856  40$uhttps://handle.nal.usda.gov/10113/9747$3Available in the National Agricultural Library PubAg search system
=856  40$uhttps://dx.doi.org/10.1097/ss.0b013e31815cc498$3Available from publisher's site
=912  \\$aArticle
=914  \\$aJournal:jnl44572$b0038-075X$c172$d12$e943
=914  \\$fSoil science
=917  \\$aissued
=918  2\$aWolters Kluwer$eprovider$5DNAL
=935  \\$aIND44004468$9ExL
=949  \\$a2018-10-02
=953  \\$a/data/metadata/incoming/woltklu/headerSOSC20071200.0.sgml
=954  \\$afile:/data/metadata/staging/woltklu/headerSOSC20071200.0.xml
=955  \\$a/data/metadata/staging/woltklu/
=961  \\$aUSDA/ARS
=974  \\$aagid:9747
=983  \\$a2018-10-02
=984  \\$a2018-10-02
=986  \\$a4004468

