=LDR  04723nab a2200709 u 4500
=001  9916333448707426
=005  20221118143551.0
=008  191228e200407\\xx\|||||o|||||||||||eng||
=016  7\$aIND43702418$2DNAL
=024  7\$a10113/9398$2hdl
=024  7\$a10.2136/sssaj2004.1376$2doi
=035  \\$aagid:9398-01nal_inst
=040  \\$aAGL$beng$cAGL
=100  1\$aZhang, X.-C.$eauthor
=245  10$aDownscaling Monthly Forecasts to Simulate Impacts of Climate Change on Soil Erosion and Wheat Production
=300  \\$ap. 1376-1385.
=500  \\$aepub
=520  \\$aClimate change can affect agricultural production and soil and water conservation. The potential for global climate changes to increase the risk of soil erosion is clear, but the actual damage is not. The objectives of this study were to develop a method for downscaling monthly climate forecasts to daily weather series using a climate generator (CLIGEN), and to determine the potential impacts of projected mean and variance changes in precipitation and temperature on soil erosion and wheat (Triticum Aestivum L.) yield. Monthly forecasts for the periods of 1950-1999 and 2056-2085 for the Oklahoma region, projected by a general circulation model (HadCM3), were used. Projected mean and variance changes in precipitation and temperatures between the two periods were satisfactorily incorporated into CLIGEN input parameters derived for the El Reno station, Oklahoma, and future transitional probabilities of precipitation occurrence were estimated as a linear function of historical monthly precipitation. Five climate change scenarios were constructed, and the Water Erosion Prediction Project (WEPP) model was run for each combination of five climate scenarios and three tillage systems. A 50% increase in CO₂ resulted in some 26% increase in wheat yield. At that elevated CO₂ level, projected decrease in total precipitation decreased surface runoff, soil loss, and wheat yield. However, predicted changes in precipitation variance increased runoff by 15 to 17%, and increased soil loss by 10 and 19% under conservation and conventional tillage, respectively. Predicted increase in mean temperature reduced wheat yield by 31%, and increased soil loss by 40 and 19% under conservation and conventional tillage, respectively. Under the assumed climate change, predicted average soil loss under conventional tillage was about 2.6 times that under conservation tillage and 29 times that under no-till. With all changes considered, predicted average wheat yield during 2056-2085, compared with the present climate at the present CO₂ level, would decrease by 12%; runoff would increase by <7%; and soil loss would increase by <8% in all tillage systems. Overall results indicate that adoption of conservation tillage and no-till will be effective in controlling soil erosion under projected climate change used in this study.
=592  \\$aPublisher supplied data
=593  \\$aPubAg article
=650  \3$asimulation models
=650  \3$acarbon dioxide
=650  \3$agreenhouse gases
=650  \3$aplant growth
=650  \3$astormwater
=650  \3$atillage
=650  \3$aagricultural runoff
=650  \3$aWater Erosion Prediction Project
=650  \3$aclimate change
=650  \3$acrop yield
=650  \3$aelevated atmospheric gases
=650  \3$aTriticum aestivum
=650  \3$aweather forecasting
=650  \3$asoil erosion
=650  \3$atemperature
=650  \3$aclimatic factors
=700  1\$aNearing, M. A.$eauthor
=700  1\$aGarbrecht, J. D.$eauthor
=700  1\$aSteiner, J. L.$eauthor
=773  0\$tSoil Science Society of America journal.$g2004 July, v. 68, no. 4 p.1376-1385$dSoil Science Society$wJournal:jnl44580$x0361-5995$7nnas
=787  1\$oproduct_pubag
=787  1\$oislandora_article_repository
=787  1\$oislandora_pubag_with_text
=787  1\$o(Journal)jnl44580
=852  \\$aDNAL
=856  40$uhttps://handle.nal.usda.gov/10113/9398$3Available in the National Agricultural Library PubAg search system
=856  40$uhttps://dx.doi.org/10.2136/sssaj2004.1376$3Available from publisher's site
=912  \\$aArticle
=914  \\$aJournal:jnl44580$b0361-5995$c68$d4$e1376
=914  \\$fSoil Science Society of America journal
=917  \\$aissued
=918  2\$aACSESS$eprovider$5DNAL
=935  \\$aIND43702418$9ExL
=949  \\$a2019-09-19
=953  \\$a/data/metadata/incoming/acsess_backfiles/sssaj_fixed.xml
=954  \\$afile:/data/metadata/staging/acsess_backfiles/sssaj_fixed.xml
=955  \\$a/data/metadata/staging/acsess_backfiles/
=961  \\$aUSDA/ARS
=974  \\$aagid:9398
=983  \\$a2019-12-28
=984  \\$a2019-12-28
=986  \\$a3702418

