=LDR  03357nab a2200793 u 4500
=001  9916334367907426
=005  20080404231711.0
=008  071223e200802\\xx\|||||o|||||||||||eng||
=016  7\$aIND43992194$2DNAL
=024  7\$a10.1007/s10584-007-9293-9$2doi
=024  7\$a10113/10580$2hdl
=035  \\$aagid:10580-01nal_inst
=040  \\$aAGL$beng$cAGL
=072  \0$aB200
=072  \0$aF120
=072  \0$aJ700
=072  \0$aX100
=072  \0$aE130
=100  1\$aRubas, Debra J.
=245  10$aHow adoption rates, timing, and ceilings affect the value of ENSO-based climate forecasts
=300  \\$ap. 235-256.
=500  \\$aIncludes references
=500  \\$a2019-12-04
=520  \\$aAn international wheat trade model incorporating climate variability is used to simulate different scenarios when wheat producers in the USA, Canada, and Australia adopt El Niño/Southern Oscillation (ENSO)-based climate forecasts for use in production decisions. Adoption timing and rates are varied across countries in the different scenarios. The results are consistent between the scenarios examined. Early adopters benefit the most, there is no incentive for more producers to adopt after 60 to 95% have adopted (meaning the adoption ceiling has been reached), and slower adoption corresponds to ceilings closer to 60 than 95%. When individual countries must decide whether or not to invest in ENSO technology and producer education programs to encourage adoption, results indicate the dominant strategy for each country is to invest. This is especially true if producers in other countries are adopting the use of climate forecasts.
=593  \\$aPubAg article
=593  \\$cUSDA submission
=650  \3$asimulation models
=650  \3$adecision support systems
=650  \3$aEl Nino
=650  \3$ainnovation adoption
=650  \3$awheat
=650  \3$adryland farming
=650  \3$acrop yield
=650  \3$aweather forecasting
=650  \3$aclimate models
=650  \3$asurpluses
=650  \3$adecision making
=650  \3$aprediction
=651  \3$aCanada
=651  \3$aUnited States
=651  \3$aAustralia
=653  \0$acrop production
=653  \0$aweather
=700  1\$aMjelde, James W.
=700  1\$aLove, H. Alan
=700  1\$aRosenthal, Wesley
=773  0\$tClimatic change.$g2008 Feb., v.  86, no.  3-4 p.235-256$dSpringer Netherlands$x0165-0009$7nnas
=787  1\$oproduct_pubag
=787  1\$oislandora_article_repository
=787  1\$oislandora_pubag_with_text
=787  1\$o(Journal)jnl8952
=852  \\$aDNAL
=856  40$uhttps://handle.nal.usda.gov/10113/10580$3Available in the National Agricultural Library PubAg search system
=856  40$uhttp://dx.doi.org/10.1007/s10584-007-9293-9$3Available from publisher's Web site
=912  \\$aArticle
=914  \\$aJournal:jnl8952$b0165-0009$c86$d3-4$e235
=914  \\$fClimatic change
=917  \\$aissued
=930  \\$a20080301$b20080404$c00000000
=935  \\$aIND43992194$9ExL
=945  \\$aIND$dLYN$e2008/02/19
=946  \\$aOther US
=949  \\$a2016-09-13
=952  \\$a20080301 20080404 00000000$bIND LYN 2008/02/19
=961  \\$aUSDA/FAS
=974  \\$aagid:10580
=984  \\$a2008-04-04
=985  \\$aConverted from MARCXML to MODS version 3.4 using MARC21slim2MODS3-4.xsl (Revision 1.95 2014/04/23)
=986  \\$a3992194

