=LDR  05736nab a2200901 u 4500
=001  9916337933107426
=005  20221215143045.0
=008  220914e201911\\xx\|||||o|||||||||||eng||
=016  7\$aIND606762233$2DNAL
=024  7\$a10.1016/j.gloenvcha.2019.101965$2chorus
=024  7\$a10113/6762233$2hdl
=024  7\$a10.1016/j.gloenvcha.2019.101965$2doi
=035  \\$aagid:6762233-01nal_inst
=040  \\$aAGL$beng$cAGL
=100  1\$aGosnell, Hannah$eauthor$uCollege of Earth, Ocean and Atmospheric Sciences, Oregon State University, 104 CEOAS Administration Building, Corvallis, OR, 97331, United States
=245  10$aTransformational adaptation on the farm: Processes of change and persistence in transitions to 'climate-smart' regenerative agriculture
=506  \\$aResource is Open Access$uhttp://purl.org/eprint/accessRights/OpenAccess
=506  \\$aCHORUS License Information
=520  \\$aRegenerative agriculture, an alternative form of food and fiber production, concerns itself with enhancing and restoring resilient systems supported by functional ecosystem processes and healthy, organic soils capable of producing a full suite of ecosystem services, among them soil carbon sequestration and improved soil water retention. As such, climate change mitigation and adaptation are incidental to a larger enterprise that employs a systems approach to managing landscapes and communities. The transformative potential of regenerative agriculture has seen growing attention in the popular press, but few empirical studies have explored the processes by which farmers enter into, navigate, and, importantly, sustain the required paradigm shift in their approach to managing their properties, farm businesses, and personal lives. We draw on theories and insights associated with relational thinking to analyze the experiences of farmers in Australia who have undertaken and sustained transitions from conventional to regenerative agriculture. We present a conceptual framework of "zones of friction and traction" occurring in personal, practical, and political spheres of transformation that both challenge and facilitate the transition process. Our findings illustrate the ways in which deeply held values and emotions influence and interact with mental models, worldviews, and cultural norms as a result of regular monitoring; and how behavioral change is sustained through the establishment of self-amplifying positive feedbacks involving biophilic emotions, a sense of well-being, and an ever-expanding worldview. We conclude that transitioning to regenerative agriculture involves more than a suite of 'climate-smart' mitigation and adaptation practices supported by technical innovation, policy, education, and outreach. Rather, it involves subjective, nonmaterial factors associated with culture, values, ethics, identity, and emotion that operate at individual, household, and community scales and interact with regional, national and global processes. Findings have implications for strategies aimed at facilitating a large-scale transition to climate-smart regenerative agriculture.
=592  \\$aPublisher supplied data
=593  \\$aPubAg article
=596  \\$cRural Housing Service$dhttps://doi.org/10.13039/100009167
=506  0\$fUnrestricted online access$2star
=650  \3$abehavior change
=650  \3$acarbon sequestration
=650  \3$aclimate change
=650  \3$aecosystem services
=650  \3$aecosystems
=650  \3$aeducation
=650  \3$aemotions
=650  \3$aempirical research
=650  \3$aethics
=650  \3$afarmers
=650  \3$afarms
=650  \3$afriction
=650  \3$aissues and policy
=650  \3$alandscapes
=650  \3$amodels
=650  \3$amonitoring
=650  \3$aorganic soils
=650  \3$aoutreach
=650  \3$apolitics
=650  \3$asoil water
=650  \3$asoil water retention
=650  \3$asustainable agriculture
=651  \3$aAustralia
=653  \0$aClimate change adaptation and mitigation
=653  \0$aHolistic Management
=653  \0$aTransformative learning
=653  \0$aCommunities of practice
=653  \0$aEarth stewardship
=653  \0$aRelational thinking
=700  1\$aGill, Nicholas$eauthor$uAustralian Centre for Culture, Environment, Society & Space, University of Wollongong, Northfields Ave., Wollongong, NSW, 2522, Australia
=700  1\$aVoyer, Michelle$eauthor$uFaculty of Law, Humanities and the Arts, University of Wollongong, Northfields Ave., Wollongong, NSW, 2522, Australia$1https://orcid.org/0000-0001-6170-9994
=773  0\$tGlobal environmental change.$g2019 Nov., v. 59 p.101965-$dElsevier Ltd$wJournal:2063$x0959-3780$7nnas
=787  1\$oislandora_article_repository
=787  1\$oproduct_pubag
=787  1\$o(Journal)2063
=856  40$uhttps://dx.doi.org/10.1016/j.gloenvcha.2019.101965$3Available from publisher's site
=856  40$uhttps://handle.nal.usda.gov/10113/6762233$3Available in the National Agricultural Library PubAg search system
=912  \\$aArticle
=914  \\$aJournal:2063$b0959-3780$c59
=914  \\$fGlobal environmental change
=916  \\$aBatch:2418
=917  \\$aissued
=918  2\$aElsevier Consyn$eprovider$5DNAL
=935  \\$aIND606762233$9ExL
=949  \\$a2020-03-05
=953  \\$a/data/metadata/incoming/consyn/155209357669562851-00004-HEAD-ONLY-NEW CONSYN ISSNS.ZIP
=954  \\$afile:/data/metadata/staging/consyn/S0959378018309117.xml
=955  \\$a/data/metadata/staging/consyn/
=961  \\$aUSDA
=962  \\$aUSDA Scientist Submission
=962  \\$aUSDA Scientist Submission; eISSN 0959-3780
=962  \\$aMissing ISSN
=974  \\$aagid:6762233
=983  \\$a2022-09-14
=984  \\$a2022-09-14

