=LDR  06025nab a2201009 u 4500
=001  9915720587007426
=005  20221207092900.0
=008  200503e20180201xx\|||||o|||||||||||eng||
=016  7\$aIND605858733$2DNAL
=024  7\$a10.1016/j.foreco.2017.11.004$2chorus
=024  7\$a10.1016/j.foreco.2017.11.004$2doi
=024  7\$aPMC5746199$2pmcid
=024  7\$a29290644$2pmid
=035  \\$aagid:5858733-01nal_inst
=040  \\$aAGL$beng$cAGL
=100  1\$aAgne, Michelle C.$eauthor$uDepartment of Forest Engineering, Resources, and Management, Oregon State University, 280 Peavy Hall, Corvallis, OR 97331, USA
=245  10$aInteractions of predominant insects and diseases with climate change in Douglas-fir forests of western Oregon and Washington, U.S.A.
=300  \\$ap. 317-332.
=506  \\$aResource is Open Access
=506  \\$aElsevier BV License Information
=506  \\$aResource is Open Access$uhttp://purl.org/eprint/accessRights/OpenAccess
=506  \\$aCHORUS License Information
=520  \\$aForest disturbance regimes are beginning to show evidence of climate-mediated changes, such as increasing severity of droughts and insect outbreaks. We review the major insects and pathogens affecting the disturbance regime for coastal Douglas-fir forests in western Oregon and Washington State, USA, and ask how future climate changes may influence their role in disturbance ecology. Although the physiological constraints of light, temperature, and moisture largely control tree growth, episodic and chronic disturbances interacting with biological factors have substantial impacts on the structure and functioning of forest ecosystems in this region. Understanding insect and disease interactions is critical to predicting forest response to climate change and the consequences for ecosystem services, such as timber, clean water, fish and wildlife. We focused on future predictions for warmer wetter winters, hotter drier summers, and elevated atmospheric CO₂ to hypothesize the response of Douglas-fir forests to the major insects and diseases influencing this forest type: Douglas-fir beetle, Swiss needle cast, black stain root disease, and laminated root rot. We hypothesize that (1) Douglas-fir beetle and black stain root disease could become more prevalent with increasing, fire, temperature stress, and moisture stress, (2) future impacts of Swiss needle cast are difficult to predict due to uncertainties in May-July leaf wetness, but warmer winters could contribute to intensification at higher elevations, and (3) laminated root rot will be influenced primarily by forest management, rather than climatic change. Furthermore, these biotic disturbance agents interact in complex ways that are poorly understood. Consequently, to inform management decisions, insect and disease influences on disturbance regimes must be characterized specifically by forest type and region in order to accurately capture these interactions in light of future climate-mediated changes.
=592  \\$aPublisher supplied data
=593  \\$aPubAg article
=596  \\$cOregon State University$dhttps://doi.org/10.13039/100009612
=596  \\$cUSEPA$dhttps://doi.org/10.13039/100000139
=596  \\$cU.S. Forest Service$dhttps://doi.org/10.13039/100006959
=506  0\$fUnrestricted online access$2star
=650  \3$aDendroctonus pseudotsugae
=650  \3$aPseudotsuga menziesii var. menziesii
=650  \3$aSwiss needle cast
=650  \3$aaltitude
=650  \3$acarbon dioxide
=650  \3$aclimate change
=650  \3$adrought
=650  \3$aecology
=650  \3$aecosystem services
=650  \3$afish
=650  \3$aforest damage
=650  \3$aforest management
=650  \3$aforest types
=650  \3$ainsects
=650  \3$aleaf wetness
=650  \3$apathogens
=650  \3$aprediction
=650  \3$aroot rot
=650  \3$asummer
=650  \3$atemperature
=650  \3$atree growth
=650  \3$auncertainty
=650  \3$awildlife
=650  \3$awinter
=651  \3$aOregon
=651  \3$aWashington (state)
=653  \0$aClimate change
=653  \0$aDouglas-fir
=653  \0$aDisturbance
=653  \0$aInsects
=653  \0$aPathogens
=700  1\$aBeedlow, Peter A.$eauthor$uU.S. Environmental Protection Agency, 200 SW 35th Street, Corvallis, OR 97333, USA
=700  1\$aShaw, David C.$eauthor$uDepartment of Forest Engineering, Resources, and Management, Oregon State University, 280 Peavy Hall, Corvallis, OR 97331, USA
=700  1\$aWoodruff, David R.$eauthor$uUSDA Forest Service, Pacific Northwest Research Station, Forestry Sciences Laboratory, 3200 SW Jefferson Way, Corvallis, OR 97333, USA
=700  1\$aLee, E. Henry$eauthor$uU.S. Environmental Protection Agency, 200 SW 35th Street, Corvallis, OR 97333, USA
=700  1\$aCline, Steven P.$eauthor$uU.S. Environmental Protection Agency, 200 SW 35th Street, Corvallis, OR 97333, USA
=700  1\$aComeleo, Randy L.$eauthor$uU.S. Environmental Protection Agency, 200 SW 35th Street, Corvallis, OR 97333, USA
=773  0\$tForest ecology and management.$g2018 Feb. 01, v. 409 p.317-332$dElsevier B.V.$aElsevier B.V.$wJournal:jnl9013$x0378-1127$7nnas
=787  1\$oislandora_article_repository
=787  1\$oproduct_pubag
=787  1\$o(Journal)jnl9013
=856  40$uhttps://dx.doi.org/10.1016/j.foreco.2017.11.004$3Available from publisher's site
=903  \\$aAccepted Manuscript
=912  \\$aArticle
=914  \\$aJournal:jnl9013$b0378-1127
=914  \\$fForest ecology and management
=916  \\$aBatch:1876
=917  \\$aissued
=918  2\$aElsevier Consyn$eprovider$5DNAL
=935  \\$aIND605858733$9ExL
=949  \\$a2020-05-19
=953  \\$a/data/metadata/incoming/consyn/122279531279841237-00003-HEAD-ONLY-NEW CONSYN ISSNS.zip
=954  \\$afile:/data/metadata/staging/consyn/S0378112717306928.xml
=955  \\$a/data/metadata/staging/consyn/
=961  \\$aUSDA/FS
=974  \\$aagid:5858733
=983  \\$a2020-05-03
=984  \\$a2022-09-06

