=LDR  02804nab a2200505 u 4500
=001  9915722090007426
=005  20221120182803.0
=008  220901e20151002xx\|||||o|||||||||||eng||
=016  7\$aIND607345124$2DNAL
=024  7\$a10.1080/17477891.2015.1080656$2doi
=024  7\$a10.1080/17477891.2015.1080656$2chorus
=035  \\$aagid:7345124-01nal_inst
=040  \\$aAGL$beng$cAGL
=100  1\$aBrenkert-Smith, Hannah$eauthor
=245  10$aClimate change beliefs and hazard mitigation behaviors: homeowners and wildfire risk
=520  \\$aDownscaled climate models provide projections of how climate change may exacerbate the local impacts of natural hazards. The extent to which people facing exacerbated hazard conditions understand or respond to climate-related changes to local hazards has been largely overlooked. In this article, we examine the relationships among climate change beliefs, environmental beliefs, and hazard mitigation actions in the context of wildfire, a natural hazard projected to be intensified by climate change. We find that survey respondents are situated across a continuum between being 'believers' and 'deniers' that is multidimensional. Placement on this believer-denier spectrum is related to general environmental attitudes. We fail, however, to find a relationship between climate change beliefs and wildfire risk-reduction actions in general. In contrast, we find a statistically significant positive relationship between level of wildfire risk mitigation and being a climate denier. Further, certain pro-environmental attitudes are found to have a statistically significant negative association with the level of wildfire risk mitigation.
=592  \\$aPublisher supplied data
=593  \\$aPubAg article
=596  \\$cU.S. Forest Service
=650  \3$aclimate
=650  \3$aclimate change
=650  \3$arisk
=650  \3$arisk reduction
=650  \3$asurveys
=650  \3$awildfires
=700  1\$aMeldrum, James R.$eauthor
=700  1\$aChamp, Patricia A.$eauthor
=773  0\$tEnvironmental Hazards.$dInforma UK Limited$x1878-0059$7nnas
=787  1\$oislandora_article_repository
=787  1\$oproduct_pubag
=787  1\$o(Journal)28096
=856  40$uhttps://dx.doi.org/10.1080/17477891.2015.1080656$3Available from publisher's site
=912  \\$aArticle
=914  \\$aJournal:28096$c14$d4$e341
=914  \\$fEnvironmental Hazards
=917  \\$aissued
=918  2\$aCHORUS$eprovider$5DNAL
=935  \\$aIND607345124$9ExL
=949  \\$a2022-04-22
=955  \\$a/data/metadata/staging/chorus
=961  \\$aUSDA/FS
=974  \\$aagid:7345124
=979  \\$aArticle missing volume number
=984  \\$a2022-09-06
=985  \\$aXML source generated via Python using CHORUS API JSON data; converted to MODS with chorus_to_mods.xsl

