=LDR  04014nab a2200553 u 4500
=001  9915722578107426
=005  20221121015700.0
=008  220901e20180315xx\|||||o|||||||||||eng||
=016  7\$aIND607345076$2DNAL
=024  7\$a10113/7345076$2hdl
=024  7\$a10.1080/14616688.2017.1399437$2doi
=024  7\$a10.1080/14616688.2017.1399437$2chorus
=035  \\$aagid:7345076-01nal_inst
=040  \\$aAGL$beng$cAGL
=100  1\$aWilkins, Emily$eauthor$uSchool of Forest Resources, University of Maine, USA
=245  10$aWeather sensitivity and climate change perceptions of tourists: a segmentation analysis
=300  \\$ap. 273-289.
=520  \\$aMany communities rely on tourism spending, so it is important to understand any potential changes to tourist flows resulting from changing climate and weather patterns. However, tourists are not a homogenous group, as they have different motivations, values, and goals. Therefore, the purpose of this investigation is to better understand potentially varying perceptions and behavior of different tourist types, specifically in regards to their weather sensitivity, climate change concern, and behavioral intention for climate change mitigation. Tourists were randomly surveyed at 20 locations throughout the state of Maine in the United States (n = 704). Segmentation analysis on the activities tourists participated in yielded three segments of Maine tourists: non-nature-based tourists (50.6%), nature-based generalists (16.2%), and nature-based specialists (33.2%). Differences across segments were explored for perceptions of weather impacts, climate change concern, and mitigation intent. Additionally, weather sensitivity was analyzed based on type of overnight accommodations to better understand if this also had a role in differences. Non-nature-based tourists thought that weather variables were less influential during their travels in Maine than the other segments, while nature-based generalists perceived weather to have the highest influence. Additionally, nature-based specialists had the highest level of climate change belief, while nature-based generalists had the highest willingness to engage in climate change mitigation behavior. Results are useful to understand how segments of tourism demand may be altered with a changing climate, such as increased temperatures, precipitation, and storms, and what groups may be the most beneficial to target for marketing or educational efforts to reduce the impact of climate change.
=592  \\$aPublisher supplied data
=593  \\$aPubAg article
=596  \\$cNational Institute of Food and Agriculture
=650  \3$aclimate
=650  \3$aclimate change
=650  \3$atourism
=650  \3$atourists
=651  \3$aMaine
=700  1\$ade Urioste-Stone, Sandra$eauthor$uSchool of Forest Resources, University of Maine, USA
=700  1\$aWeiskittel, Aaron$eauthor$uSchool of Forest Resources, University of Maine, USA
=700  1\$aGabe, Todd$eauthor$uSchool of Economics, University of Maine, USA
=773  0\$tTourism Geographies.$g2018 Mar. 15, v. 20, no. 2 p.273-289$dInforma UK Limited$x1461-6688$7nnas
=787  1\$oislandora_article_repository
=787  1\$oproduct_pubag
=856  40$uhttps://handle.nal.usda.gov/10113/7345076$3Available in the National Agricultural Library PubAg search system
=856  40$uhttp://dx.doi.org/10.1080/14616688.2017.1399437$3Available from publisher's site
=912  \\$aArticle
=914  \\$fTourism Geographies
=917  \\$aissued
=918  2\$aCHORUS$eprovider$5DNAL
=935  \\$aIND607345076$9ExL
=949  \\$a2022-04-21
=952  \\$dNAL-AP-2-clean
=955  \\$a/data/metadata/staging/chorus
=961  \\$aUSDA
=962  \\$aUSDA Scientist Submission
=962  \\$aUSDA Scientist Submission; eISSN 1470-1340
=974  \\$aagid:7345076
=983  \\$a2022-09-01T12:45:41-04:00
=984  \\$a2022-09-15
=985  \\$aXML source generated via Python using CHORUS API JSON data; converted to MODS with chorus_to_mods.xsl

