=LDR  02796nab a2200553 u 4500
=001  9915722582307426
=005  20221121015643.0
=008  220901e20190102xx\|||||o|||||||||||eng||
=016  7\$aIND607345089$2DNAL
=024  7\$a10113/7345089$2hdl
=024  7\$a10.1080/1533015x.2018.1431164$2doi
=024  7\$a10.1080/1533015x.2018.1431164$2chorus
=035  \\$aagid:7345089-01nal_inst
=040  \\$aAGL$beng$cAGL
=100  1\$aMonroe, Martha C.$eauthor$uSchool of Forest Resources and Conservation, University of Florida, USA
=245  10$aTalking about climate change: How to enhance trust with forestry audiences
=300  \\$ap. 43-52.
=520  \\$aConducting a climate change presentation or workshop can be uncomfortable for adult educators because they do not want to alienate audiences or diminish their credibility among those who doubt climate change is a problem. Trust in the speaker is a key element for successful communication, and perhaps essential when conveying information about a controversial issue. We review three forest-related workshops, treated as cases, and based on audience responses offer a series of suggestions for building and maintaining trust in the context of climate change programming.
=592  \\$aPublisher supplied data
=593  \\$aPubAg article
=596  \\$cUSDA National Institute of Food and Agriculture
=650  \3$aadults
=650  \3$aclimate change
=650  \3$aenvironmental education
=650  \3$aforestry
=700  1\$aOxarart, Annie$eauthor$uSchool of Forest Resources and Conservation, University of Florida, USA
=700  1\$aWalkingstick, Tamara$eauthor$uArkansas Forest Resources Center, USA
=773  0\$tApplied Environmental Education & Communication.$g2019 Jan. 02, v. 18, no. 1 p.43-52$dInforma UK Limited$wJournal:12310$x1533-0389$7nnas
=787  1\$oislandora_article_repository
=787  1\$oproduct_pubag
=787  1\$o(Journal)12310
=856  40$uhttps://handle.nal.usda.gov/10113/7345089$3Available in the National Agricultural Library PubAg search system
=856  40$uhttp://dx.doi.org/10.1080/1533015x.2018.1431164$3Available from publisher's site
=912  \\$aArticle
=914  \\$aJournal:12310$c18$d1$e43
=914  \\$fApplied Environmental Education & Communication
=916  \\$aBatch:10133
=917  \\$aissued
=918  2\$aCHORUS$eprovider$5DNAL
=935  \\$aIND607345089$9ExL
=949  \\$a2021-06-16
=955  \\$a/data/metadata/staging/chorus
=961  \\$aUSDA
=962  \\$aUSDA Scientist Submission
=962  \\$aUSDA Scientist Submission; eISSN 1533-0389
=974  \\$aagid:7345089
=983  \\$a2022-09-01T12:45:39-04:00
=984  \\$a2022-09-15
=985  \\$aXML source generated via Python using CHORUS API JSON data; converted to MODS with chorus_to_mods.xsl

