=LDR  03716nab a2200613 u 4500
=001  9915722686807426
=005  20221122014944.0
=008  221002e20180304xx\|||||o|||||||||||eng||
=016  7\$aIND607345046$2DNAL
=024  7\$a10113/7345046$2hdl
=024  7\$a10.1080/13504622.2017.1318114$2doi
=024  7\$a10.1080/13504622.2017.1318114$2chorus
=035  \\$aagid:7345046-01nal_inst
=040  \\$aAGL$beng$cAGL
=100  1\$aStevenson, Kathryn T.$eauthor$uParks, Recreation & Tourism Management, North Carolina State University, USA
=245  10$aFraming climate change communication to prompt individual and collective action among adolescents from agricultural communities
=300  \\$ap. 365-377.
=520  \\$aClimate communication research suggests strategic message framing may help build public consensus on climate change causes, risks and solutions. However, few have investigated how framing applies to adolescents. Similarly, little research has focused on agricultural audiences, who are among the most vulnerable to and least accepting of climate change. Among 950 high school agriculture students in North Carolina, we found agriculture and environment framing of climate change, but not community and health frames, elicited feelings of worry, and these together with community frames elicited hope. Further, students feeling more worry were more supportive of individual and collective action. Those accepting climate change and females had more emotive responses and higher support for all action measures, and acceptance of human causes predicted more worry and support for collective action. We find these results encouraging as agriculture teachers likely employ agriculture and environment frames when following best teaching practices.
=592  \\$aPublisher supplied data
=593  \\$aPubAg article
=596  \\$cNational Institute of Food and Agriculture
=650  \3$aclimate
=650  \3$aclimate change
=650  \3$acollective action
=650  \3$aeducational research
=650  \3$aenvironmental education
=650  \3$ahumans
=650  \3$apsychological stress
=651  \3$aNorth Carolina
=700  1\$aKing, Tasha L.$eauthor$uForestry & Environmental Resources, North Carolina State University, USA
=700  1\$aSelm, Kathryn R.$eauthor$uForestry & Environmental Resources, North Carolina State University, USA
=700  1\$aPeterson, M. Nils$eauthor$uFisheries, Wildlife & Conservation Program, Forestry & Environmental Resources, North Carolina State University, USA
=700  1\$aMonroe, Martha C.$eauthor$uSchool of Forest Resources & Conservation, University of Florida, USA
=773  0\$tEnvironmental Education Research.$g2018 Mar. 04, v. 24, no. 3 p.365-377$dInforma UK Limited$wJournal:12202$x1350-4622$7nnas
=787  1\$oislandora_article_repository
=787  1\$oproduct_pubag
=787  1\$o(Journal)12202
=856  40$uhttps://handle.nal.usda.gov/10113/7345046$3Available in the National Agricultural Library PubAg search system
=856  40$uhttp://dx.doi.org/10.1080/13504622.2017.1318114$3Available from publisher's site
=912  \\$aArticle
=914  \\$aJournal:12202$c24$d3$e365
=914  \\$fEnvironmental Education Research
=917  \\$aissued
=918  2\$aCHORUS$eprovider$5DNAL
=935  \\$aIND607345046$9ExL
=949  \\$a2022-04-22
=955  \\$a/data/metadata/staging/chorus
=961  \\$aUSDA
=962  \\$aUSDA Scientist Submission
=962  \\$aUSDA Scientist Submission; eISSN 1469-5871
=974  \\$aagid:7345046
=983  \\$a2022-10-02T03:04:34-04:00
=984  \\$a2022-10-06
=985  \\$aXML source generated via Python using CHORUS API JSON data; converted to MODS with chorus_to_mods.xsl

