=LDR  03573nab a2200565 u 4500
=001  9915722687707426
=005  20221122015358.0
=008  220901e20170813xx\|||||o|||||||||||eng||
=016  7\$aIND607345047$2DNAL
=024  7\$a10113/7345047$2hdl
=024  7\$a10.1080/13504622.2017.1360842$2doi
=024  7\$a10.1080/13504622.2017.1360842$2chorus
=035  \\$aagid:7345047-01nal_inst
=040  \\$aAGL$beng$cAGL
=100  1\$aMonroe, Martha C.$eauthor$uSchool of Forest Resources and Conservation, University of Florida, Gainesville, FL, USA
=245  10$aIdentifying effective climate change education strategies: a systematic review of the research
=300  \\$ap. 791-812.
=520  \\$aIncreased interest in climate change education and the growing recognition of the challenges inherent to addressing this issue create an opportunity to conduct a systematic review to understand what research can contribute to our ideas about effective climate change education. An academic database, EBSCOhost, was used to identify 959 unique citation records addressing climate change education. Of these, 49 sources met the criteria of focusing on assessment of climate change education interventions. Analysis of these sources examined the intervention purpose, assessment methodology, and identified strategies that might result in effective interventions. Two themes were identified that are common to most environmental education: (1) focusing on personally relevant and meaningful information and (2) using active and engaging teaching methods. Four themes specific to issues such as climate change were also generated: (1) engaging in deliberative discussions, (2) interacting with scientists, (3) addressing misconceptions, and (4) implementing school or community projects. Suggestions for addressing controversial topics like climate change are offered.
=592  \\$aPublisher supplied data
=593  \\$aPubAg article
=596  \\$cNational Institute of Food and Agriculture
=650  \3$aclimate change
=650  \3$adatabases
=650  \3$aeducational research
=650  \3$aenvironmental education
=650  \3$asystematic review
=700  1\$aPlate, Richard R.$eauthor$uOffice of Interdisciplinary Studies, University of Central Florida, Orlando, FL, USA
=700  1\$aOxarart, Annie$eauthor$uSchool of Forest Resources and Conservation, University of Florida, Gainesville, FL, USA
=700  1\$aBowers, Alison$eauthor$uSchool of Education, Virginia Tech, Blacksburg, VA, USA
=700  1\$aChaves, Willandia A.$eauthor$uSchool of Forest Resources and Conservation, University of Florida, Gainesville, FL, USA
=773  0\$tEnvironmental Education Research.$g2017 Aug. 13, v. 25, no. 6 p.791-812$dInforma UK Limited$wJournal:12202$x1350-4622$7nnas
=787  1\$oislandora_article_repository
=787  1\$oproduct_pubag
=787  1\$o(Journal)12202
=856  40$uhttp://dx.doi.org/10.1080/13504622.2017.1360842$3Available from publisher's site
=912  \\$aArticle
=914  \\$aJournal:12202$c25$d6$e791
=914  \\$fEnvironmental Education Research
=917  \\$aissued
=918  2\$aCHORUS$eprovider$5DNAL
=935  \\$aIND607345047$9ExL
=949  \\$a2022-04-21
=952  \\$dNAL-AP-2-clean
=955  \\$a/data/metadata/staging/chorus
=961  \\$aUSDA
=962  \\$aUSDA Scientist Submission; eISSN 1469-5871
=974  \\$aagid:7345047
=983  \\$a2022-09-01T12:45:42-04:00
=984  \\$a2022-09-29
=985  \\$aXML source generated via Python using CHORUS API JSON data; converted to MODS with chorus_to_mods.xsl

