=LDR  06346nab a2200937 u 4500
=001  9915723249807426
=005  20221123021022.0
=008  191214e20190601xx\|||||o|||||||||||eng||
=016  7\$aIND606332932$2DNAL
=024  7\$a10.1016/j.scitotenv.2019.02.420$2doi
=035  \\$aagid:6332932-01nal_inst
=040  \\$aAGL$beng$cAGL
=100  1\$aAdhikari, Kabindra$eauthor$uUniversity of Arkansas, Department of Crop, Soil, and Environmental Sciences, Fayetteville, AR 72701, USA
=245  10$aAssessing soil organic carbon stock of Wisconsin, USA and its fate under future land use and climate change
=300  \\$ap. 833-845.
=520  \\$aCarbon stored in soils contributes to a variety of soil functions, including biomass production, water storage and filtering, biodiversity maintenance, and many other ecosystem services. Understanding soil organic carbon (SOC) spatial distribution and projection of its future condition is essential for future CO2 emission estimates and management options for storing carbon. However, modeling SOC spatiotemporal dynamics is challenging due to the inherent spatial heterogeneity and data limitation. The present study developed a spatially explicit prediction model in which the spatial relationship between SOC observation and seventeen environmental variables was established using the Cubist regression tree algorithm. The model was used to compile a baseline SOC stock map for the top 30 cm soil depth in the State of Wisconsin (WI) at a 90 m × 90 m grid resolution. Temporal SOC trend was assessed by comparing baseline and future SOC stock maps based on the space-for-time substitution model. SOC prediction for future considers land use, precipitation and temperature for the year 2050 at medium (A1B) CO2 emissions scenario of the Intergovernmental Panel on Climate Change. Field soil observations were related to factors that are known to influence SOC distribution using the digital soil mapping framework. The model was validated on 25% test profiles (R2: 0.38; RMSE: 0.64; ME: −0.03) that were not used during model training that used the remaining 75% of the data (R2: 0.76; RMSE: 0.40; ME: −0.006). In addition, maps of the model error, and areal extent of Cubist prediction rules were reported. The model identified soil parent material and land use as key drivers of SOC distribution including temperature and precipitation. Among the terrain attributes, elevation, mass-balance index, mid-slope position, slope-length factor and wind effect were important. Results showed that Wisconsin soils had an average baseline SOC stock of 90 Mg ha−1 and the distribution was highly variable (CV: 64%). It was estimated that WI soils would have an additional 20 Mg ha−1 SOC by the year 2050 under changing land use and climate. Histosols and Spodosols were expected to lose 19 Mg ha−1 and 4 Mg ha−1, respectively, while Mollisols were expected to accumulate the largest SOC stock (62 Mg ha−1). All land-use types would be accumulating SOC by 2050 except for wetlands (−34 Mg C ha−1). This study found that Wisconsin soils will continue to sequester more carbon in the coming decades and most of the Driftless Area will be sequestering the greatest SOC (+63 Mg C ha−1). Most of the SOC would be lost from the Northern Lakes and Forests ecological zone (−12 Mg C ha−1). The study highlighted areas of potential C sequestration and areas under threat of C loss. The maps generated in this study would be highly useful in farm management and environmental policy decisions at different spatial levels in Wisconsin.
=592  \\$aPublisher supplied data
=593  \\$aPubAg article
=650  \3$aHistosols
=650  \3$aMollisols
=650  \3$aSpodosols
=650  \3$aalgorithms
=650  \3$abiodiversity
=650  \3$abiomass production
=650  \3$acarbon dioxide
=650  \3$acarbon sinks
=650  \3$aclimate
=650  \3$aclimate change
=650  \3$aecosystem services
=650  \3$aenvironmental factors
=650  \3$aenvironmental policy
=650  \3$afarm management
=650  \3$aforests
=650  \3$agreenhouse gas emissions
=650  \3$alakes
=650  \3$aland use
=650  \3$alandscapes
=650  \3$amodel validation
=650  \3$amodels
=650  \3$aprediction
=650  \3$aregression analysis
=650  \3$asoil depth
=650  \3$asoil organic carbon
=650  \3$asoil parent materials
=650  \3$asoil surveys
=650  \3$aspatial variation
=650  \3$atemperature
=650  \3$awater storage
=650  \3$awetlands
=650  \3$awind
=651  \3$aWisconsin
=653  \0$aDigital soil mapping
=653  \0$aEnvironmental variables
=653  \0$aClimate change
=653  \0$aLand use change
=653  \0$aCarbon sequestration
=700  1\$aOwens, Phillip R.$eauthor$uUSDA-ARS, Dale Bumpers Small Farms Research Center, Booneville, AR 72927, USA
=700  1\$aLibohova, Zamir$eauthor$uUSDA-NRCS, National Soil Survey Center, Lincoln, NE 68508, USA
=700  1\$aMiller, David M.$eauthor$uUniversity of Arkansas, Department of Crop, Soil, and Environmental Sciences, Fayetteville, AR 72701, USA
=700  1\$aWills, Skye A.$eauthor$uUSDA-NRCS, National Soil Survey Center, Lincoln, NE 68508, USA
=700  1\$aNemecek, Jason$eauthor$uUSDA-NRCS, Wisconsin State Office, Madison, WI 53717, USA
=773  0\$tScience of the total environment.$g2019 June 01, v. 667 p.833-845$dElsevier B.V.$wJournal:jnl4455$x0048-9697$7nnas
=787  1\$oislandora_article_repository
=787  1\$oproduct_pubag
=787  1\$o(Journal)jnl4455
=856  40$uhttps://dx.doi.org/10.1016/j.scitotenv.2019.02.420$3Available from publisher's site
=912  \\$aArticle
=914  \\$aJournal:jnl4455$b0048-9697
=914  \\$fScience of the total environment
=916  \\$aBatch:2188
=917  \\$aissued
=918  2\$aElsevier Consyn$eprovider$5DNAL
=935  \\$aIND606332932$9ExL
=949  \\$a2019-05-07
=953  \\$a/data/metadata/incoming/consyn/143894218730932306-00001-HEAD-ONLY-NEW CONSYN ISSNS.zip
=954  \\$afile:/data/metadata/staging/consyn/S0048969719309301.xml
=955  \\$a/data/metadata/staging/consyn/
=961  \\$aUSDA/NRCSUSDA/ARS
=974  \\$aagid:6332932
=983  \\$a2019-12-14
=984  \\$a2019-12-14

