=LDR  01586nab a2200505 u 4500
=001  9915723308307426
=005  20221120055828.0
=008  090701e200806\\xx\|||||o|||||||||||eng||
=016  7\$aIND44226012$2DNAL
=024  7\$a10.2111/1551-501X(2008)30[52:RACCAS]2.0.CO;2$2doi
=035  \\$aagid:4008973-01nal_inst
=040  \\$aAGL$beng$cAGL
=072  \0$a     F130   
=072  \0$a     F300   
=072  \0$a     B200   
=100  1\$aBrown, Joel R.
=245  10$aRangelands and Climate Change: A Synthesis and Challenges
=300  \\$ap. 52-53.
=650  \3$arangelands
=650  \3$arange management
=650  \3$aclimate change
=650  \3$amonitoring
=650  \3$aprediction
=650  \3$adecision making
=700  1\$aThorpe, Jim
=773  0\$tRangelands.$g2008 June, v. 30, no. 3 p.52-53$x1551-501X$7nnas
=787  1\$oislandora_article_repository
=787  1\$o(Journal)3143
=852  \\$aDNAL
=856  40$uhttp://dx.doi.org/10.2111/1551-501X(2008)30%5B52:RACCAS%5D2.0.CO;2$3Available from publisher's Web site
=912  \\$aArticle
=914  \\$aJournal:3143
=914  \\$fRangelands
=917  \\$aissued
=930  \\$a20090716$b20090801$c00000000
=935  \\$aIND44226012$9ExL
=945  \\$aIND$dLYN$e2009/07/16
=946  \\$aOther US
=952  \\$a20090716 20090801 00000000$bIND LYN 2009/07/16
=961  \\$aUSDA/NRCS
=974  \\$aagid:4008973
=984  \\$a2014-12-19
=985  \\$aConverted from MARCXML to MODS version 3.4 using MARC21slim2MODS3-4.xsl (Revision 1.95 2014/04/23)
=986  \\$a4226012
=990  \\$mNon-PubAg articles

