=LDR  06163nab a2200733 u 4500
=001  9915723667007426
=005  20221123003314.0
=008  211206e202112\\xx\|||||o|||||||||||eng||
=016  7\$aIND607538185$2DNAL
=024  7\$a10.1016/j.ecolind.2021.108288$2doi
=035  \\$aagid:7538185-01nal_inst
=040  \\$aAGL$beng$cAGL
=100  1\$aSun, Ying$eauthor$uState Key Laboratory of Grassland Agro-Ecosystem, School of Life Sciences, Lanzhou University, Lanzhou 730000, China
=245  10$aImpact of climate change on plant species richness across drylands in China: From past to present and into the future
=520  \\$aIt is commonly believed that climate plays an important role in shaping the patterns of plant species richness. However, it remains unclear how climate may affect plant richness across large spatial scales and also over long-terms, for example across massive arid regions during the Quaternary and into the future. To fill this knowledge gap, we examined the long-term trends in plant species richness across vast drylands in China based on our newly developed climate-species richness models. We first generated optimal random forest models based on the relationships between the current (CUR, 1970-2000) annual, perennial, woody and total species richness and climatic variables. We subsequently hindcasted and forecasted plant species richness in five other periods: last interglacial (LIG, 120,000-140,000 years BP), last glacial maximum (LGM, about 22,000 years BP), mid-Holocene (MH, about 6000 years BP), 2041-2060 (2050), and 2061-2080 (2070). Our results showed that total and herbaceous species richness exhibited similar patterns that were driven by temperature and precipitation. Both groups of species formed a transition zone between arid and semi-arid regions in all periods except LIG. In contrast, woody species richness did not form any transition zone because it was regulated mainly by temperature. Furthermore, the mean richness of herbaceous, woody and all species exhibited gradually increasing trends from LIG to 2070 across drylands in China. On the one hand, herbaceous species were much more sensitive to climate change than woody species. On the other hand, plant species richness in mountain-basin systems and Taklamakan Desert regions were more sensitive to climate change than in meadows and steppes. These results shed new insights into the past and future changes in plant species richness over vast drylands and provide valuable information for future conservation efforts under global warming.
=592  \\$aPublisher supplied data
=593  \\$aPubAg article
=650  \3$aarid lands
=650  \3$aherbaceous plants
=650  \3$aspecies richness
=650  \3$atemperature
=650  \3$awoody plants
=651  \3$aChina
=653  \0$aDrylands
=653  \0$aGeographical patterns
=653  \0$aLifeforms
=653  \0$aPlant species richness
=653  \0$aRandom forest
=653  \0$aTemporal variations
=700  1\$aSun, Yuan$eauthor$uState Key Laboratory of Grassland Agro-Ecosystem, School of Life Sciences, Lanzhou University, Lanzhou 730000, China
=700  1\$aYao, Shuran$eauthor$uState Key Laboratory of Grassland Agro-Ecosystem, School of Life Sciences, Lanzhou University, Lanzhou 730000, China
=700  1\$aAkram, Muhammad Adnan$eauthor$uState Key Laboratory of Grassland Agro-Ecosystem, School of Life Sciences, Lanzhou University, Lanzhou 730000, China
=700  1\$aHu, Weigang$eauthor$uState Key Laboratory of Grassland Agro-Ecosystem, School of Life Sciences, Lanzhou University, Lanzhou 730000, China
=700  1\$aDong, Longwei$eauthor$uState Key Laboratory of Grassland Agro-Ecosystem, School of Life Sciences, Lanzhou University, Lanzhou 730000, China
=700  1\$aLi, Hailing$eauthor$uState Key Laboratory of Grassland Agro-Ecosystem, School of Life Sciences, Lanzhou University, Lanzhou 730000, China
=700  1\$aWei, Maohong$eauthor$uState Key Laboratory of Grassland Agro-Ecosystem, School of Life Sciences, Lanzhou University, Lanzhou 730000, China
=700  1\$aGong, Haiyang$eauthor$uState Key Laboratory of Grassland Agro-Ecosystem, School of Life Sciences, Lanzhou University, Lanzhou 730000, China
=700  1\$aXie, Shubin$eauthor$uState Key Laboratory of Grassland Agro-Ecosystem, School of Life Sciences, Lanzhou University, Lanzhou 730000, China
=700  1\$aAqeel, Muhammad$eauthor$uState Key Laboratory of Grassland Agro-Ecosystem, School of Life Sciences, Lanzhou University, Lanzhou 730000, China
=700  1\$aRan, Jinzhi$eauthor$uState Key Laboratory of Grassland Agro-Ecosystem, School of Life Sciences, Lanzhou University, Lanzhou 730000, China
=700  1\$aDegen, Abraham Allan$eauthor$uDesert Animal Adaptations and Husbandry, Wyler Department of Dryland Agriculture, Institutes for Desert Research, Ben-Gurion University of Negev, Beer Sheva 8410500, Israel
=700  1\$aGuo, Qinfeng$eauthor$uUSDA Forest Service, Eastern Forest Environmental Threat Assessment Center, Research Triangle Park, NC 27709, USA
=700  1\$aDeng, Jianming$eauthor$uState Key Laboratory of Grassland Agro-Ecosystem, School of Life Sciences, Lanzhou University, Lanzhou 730000, China
=773  0\$tEcological indicators.$g2021 Dec., v. 132 p.108288-$dElsevier Ltd$wJournal:6196$x1470-160X$7nnas
=787  1\$oislandora_article_repository
=787  1\$oproduct_pubag
=787  1\$o(Journal)6196
=856  40$uhttps://dx.doi.org/10.1016/j.ecolind.2021.108288$3Available from publisher's site
=912  \\$aArticle
=914  \\$aJournal:6196$b1470-160X$c132$e108288
=914  \\$fEcological indicators
=916  \\$aBatch:10203
=917  \\$aissued
=918  2\$aElsevier Consyn$eprovider$5DNAL
=935  \\$aIND607538185$9ExL
=949  \\$a2022-02-23
=952  \\$dNAL-AP-2-clean
=953  \\$a/data/metadata/incoming/consyn/179005845031791154-00005-HEAD-ONLY-NEW CONSYN ISSNS.zip
=954  \\$afile:/data/metadata/staging/consyn/S1470160X21009535.xml
=955  \\$a/data/metadata/staging/consyn/
=961  \\$aUSDA/FS
=974  \\$aagid:7538185
=983  \\$a2021-12-06
=984  \\$a2022-02-19

