=LDR  05430nab a2200793 u 4500
=001  9915723863907426
=005  20221214231447.0
=008  180730e201209\\xx\|||||o|||||||||||eng||
=016  7\$aIND606472419$2DNAL
=024  7\$a10113/6472419$2hdl
=024  7\$a267787$2aris
=024  7\$a10.2489/jswc.67.5.390$2doi
=035  \\$aagid:6472419-01nal_inst
=040  \\$aAGL$beng$cAGL
=100  1\$aZhang, Y.$eauthor$uassistant research scientist at the USDA Agricultural Research Service Southwest Watershed Research Center, Tucson, Arizona, and at the Institute of Mountain Hazards and Environment, Chinese Academy of Sciences, Chengdu, China.
=245  10$aModeling climate change effects on runoff and soil erosion in southeastern Arizona rangelands and implications for mitigation with conservation practices
=300  \\$ap. 390-405.
=506  \\$aWorks produced by employees of the U.S. Government as part of their official duties are not copyrighted within the U.S. The content of this document is not copyrighted.
=520  \\$aClimate change is expected to impact runoff and soil erosion on rangelands in the western United States. This study evaluated the potential impacts of precipitation changes on soil erosion and surface runoff in southeastern Arizona using seven General Circulation Model (GCM) models with three emission scenarios for the 2050s and 2090s. A spatial temporal downscaling process was used to generate daily precipitation series from GCM outputs for runoff and erosion modeling with the Rangeland Hydrology and Erosion Model (RHEM). Results were compared to 1970 through 1999 conditions. Our results suggested no significant changes in annual precipitation across the region under the three emission scenarios, while projected mean annual runoff and soil loss increased significantly, ranging from 79% to 92% and from 127% to 157%, respectively, relative to 1970 to 1999. At the seasonal scale, though an increase of summer precipitation and a reduction of winter precipitation were projected, both runoff and soil loss increased significantly for both periods. The dramatic increases in runoff and soil loss were attributed to the increase in the frequency and intensity of extreme events in the study area. Predicted soil loss from shrub communities increased more than that predicted for other plant communities under the three emission scenarios. Future increases in runoff and soil erosion may accelerate the transitions of grassland to shrublands or to more eroded states due to the positive vegetation-erosion feedback. Rangeland management policies and practices should consider these changes and adapt to the increased risk of runoff and soil erosion.
=593  \\$aPubAg article
=593  \\$cUSDA submission
=595  \\$blgarner$c2019-06-28$dfedoraAdmin$e2019-06-28
=593  \\$eARIS manuscript
=650  \3$aGeneral Circulation Models
=650  \3$aatmospheric precipitation
=650  \3$aclimate change
=650  \3$aconservation practices
=650  \3$agrasslands
=650  \3$aissues and policy
=650  \3$aplant communities
=650  \3$arange management
=650  \3$arangelands
=650  \3$arisk
=650  \3$arunoff
=650  \3$ashrublands
=650  \3$ashrubs
=650  \3$asoil erosion
=650  \3$asoil erosion models
=650  \3$asummer
=650  \3$awinter
=651  \3$aArizona
=700  1\$aHernandez, M.$eauthor$uhydrologist at the USDA  Agricultural Research Service Southwest Watershed  Research Center, Tucson, Arizona
=700  1\$aAnson, E.$eauthor$ucomputer specialist at the USDA  Agricultural Research Service Southwest Watershed  Research Center, Tucson, Arizona
=700  1\$aNearing, M.$eauthor$uresearch agricultural engineer at the USDA  Agricultural Research Service Southwest Watershed  Research Center, Tucson, Arizona
=700  1\$aWei, H.$eauthor$uassistant research scientist at the USDA  Agricultural Research Service Southwest Watershed  Research Center, Tucson, Arizona
=700  1\$aHeilman, P.$eauthor$uresearch leader at the USDA  Agricultural Research Service Southwest Watershed  Research Center, Tucson, Arizona
=700  1\$aStone, J. J.$eauthor$uresearch hydrologist at the USDA  Agricultural Research Service Southwest Watershed  Research Center, Tucson, Arizona
=773  0\$tJournal of soil and water conservation.$g2012 Sept., v. 67, no. 5 p.390-405$wJournal:1947$x0022-4561$7nnas
=787  1\$oislandora_article_repository
=787  1\$oproduct_pubag
=787  1\$o(Journal)1947
=856  40$uhttps://handle.nal.usda.gov/10113/6472419$3Available in the National Agricultural Library PubAg search system
=856  40$uhttp://dx.doi.org/10.2489/jswc.67.5.390$3Available from publisher's site
=912  \\$aArticle
=914  \\$aJournal:1947$b0022-4561$c67$d5$e390
=914  \\$fJournal of soil and water conservation
=916  \\$aBatch:2292
=917  \\$aissued
=935  \\$aIND606472419$9ExL
=949  \\$a2021-06-22
=956  \\$aARIS submission$bhttps://submit.nal.usda.gov/system/files/submissions/2105.pdf
=961  \\$aUSDA
=962  \\$aUSDA Scientist Submission
=962  \\$aBatch:2292 reviewed on 2019-08-20T14:00:04Z
=974  \\$aagid:6472419
=983  \\$a2018-07-30
=984  \\$a2019-08-20
=985  \\$aUSDA submission converted from Drupal to MODS version 3.4 using submission2mods.xsl (Revision 1.002 2014/01/28)
=986  \\$ans15227

