=LDR  04638nab a2200745 u 4500
=001  9915726665507426
=005  20221122130433.0
=008  160903e20160815xx\|||||o|||||||||||eng||
=016  7\$aIND605483579$2DNAL
=024  7\$a10.1002/hyp.10845$2doi
=035  \\$aagid:5483579-01nal_inst
=040  \\$aAGL$beng$cAGL
=100  1\$aNiemeyer, Ryan J.$eauthor$uDepartment of Civil and Environmental Engineering, University of Washington, Seattle, WA, 98195, USA
=245  10$aSurface water input from snowmelt and rain throughfall in western juniper: potential impacts of climate change and shifts in semi‐arid vegetation
=300  \\$ap. 3046-3060.
=500  \\$aJOURNAL ARTICLE
=500  \\$a2019-12-06
=520  \\$aIn the western USA, shifts from snow to rain precipitation regimes and increases in western juniper cover in shrub‐dominated landscapes can alter surface water input via changes in snowmelt and throughfall. To better understand how shifts in both precipitation and semi‐arid vegetation cover alter above‐ground hydrological processes, we assessed how rain interception differs between snow and rain surface water input; how western juniper alters snowpack dynamics; and how these above‐ground processes differ across western juniper, mountain big sagebrush and low sagebrush plant communities. We collected continuous surface water input with four large lysimeters, interspace and below‐canopy snow depth data and conducted periodic snow surveys for two consecutive water years (2013 and 2014). The ratio of interspace to below‐canopy surface water input was greater for snow relative to rain events, averaging 79.4% and 54.8%, respectively. The greater surface water input ratio for snow is in part due to increased deposition of redistributed snow under the canopy. We simulated above‐ground energy and water fluxes in western juniper, low sagebrush and mountain big sagebrush for two 8‐year periods under current and projected mid‐21st century warmer temperatures with the Simultaneous Heat and Water (SHAW) model. Juniper compared with low and mountain sagebrush reduced surface water input by an average of 138 mm or 24% of the total site water budget. Conversely, warming temperatures reduced surface water input by only an average of 14 mm across the three vegetation types. The future (warmer) simulations resulted in earlier snow disappearance and surface water input by 51 and 45 days, respectively, across juniper, low sagebrush and mountain sagebrush. Information from this study can help land managers in the sagebrush steppe understand how both shifts in climate and semi‐arid vegetation will alter fundamental hydrological processes.
=592  \\$aPublisher supplied data
=593  \\$aPubAg article
=650  \3$asnowpack
=650  \3$avegetation cover
=650  \3$athroughfall
=650  \3$asurface water
=650  \3$aArtemisia rothrockii
=650  \3$aenergy
=650  \3$aheat
=650  \3$amodels
=650  \3$aclimate change
=650  \3$asteppes
=650  \3$atemperature
=650  \3$asnowmelt
=650  \3$acanopy
=650  \3$aplant communities
=650  \3$alandscapes
=650  \3$asurveys
=650  \3$alysimeters
=650  \3$asemiarid zones
=650  \3$asnow
=650  \3$arain
=650  \3$aArtemisia tridentata
=651  \3$aWestern United States
=653  \0$awater balance
=700  1\$aLink, Timothy E.$eauthor$uDepartment of Forest, Rangeland, and Fire Sciences, University of Idaho, Moscow, ID, 83843, USA
=700  1\$aSeyfried, Mark S.$eauthor$uUSDA‐Agricultural Research Service, Northwest Watershed Research Center, Boise, ID, 83712, USA
=700  1\$aFlerchinger, Gerald N.$eauthor$uUSDA‐Agricultural Research Service, Northwest Watershed Research Center, Boise, ID, 83712, USA
=773  0\$tHydrological processes.$g2016 Aug. 15, v. 30, no. 17 p.3046-3060$dJohn Wiley & Sons, Ltd$wJournal:jnl3938466$x0885-6087$7nnas
=787  1\$oislandora_article_repository
=787  1\$oproduct_pubag
=787  1\$o(Journal)jnl3938466
=856  40$uhttp://dx.doi.org/10.1002/hyp.10845$3Available from publisher's site
=912  \\$aArticle
=914  \\$aJournal:jnl3938466$b0885-6087$c30$d17$e3046
=914  \\$fHydrological processes
=916  \\$aBatch:1444
=917  \\$aissued
=918  2\$aJohn Wiley & Sons, Inc$eprovider$5DNAL
=935  \\$aIND605483579$9ExL
=949  \\$a2016-11-04
=953  \\$a08856087_2016_30_17.xml
=961  \\$aUSDA/ARS
=962  \\$aBatch:1444 reviewed on 2016-11-04T08:07:58Z
=974  \\$aagid:5483579
=983  \\$a2016-09-03
=984  \\$a2016-11-07

