=LDR  04657nab a2200793 u 4500
=001  9915727646007426
=005  20221122053545.0
=008  080306e20080210xx\|||||o|||||||||||eng||
=016  7\$aIND44024532$2DNAL
=024  7\$a10.1016/j.foreco.2007.08.013$2doi
=024  7\$a10113/29217$2hdl
=035  \\$aagid:29217-01nal_inst
=040  \\$aAGL$beng$cAGL
=072  \0$aF300
=072  \0$aB200
=072  \0$aX200
=072  \0$aF841
=072  \0$aX100
=072  \0$aK001
=100  1\$aKeane, Robert E.
=245  10$aClimate change effects on historical range and variability of two large landscapes in western Montana, USA
=300  \\$ap. 375-389.
=500  \\$aIncludes references
=520  \\$aQuantifying the historical range and variability of landscape composition and structure using simulation modeling is becoming an important means of assessing current landscape condition and prioritizing landscapes for ecosystem restoration. However, most simulated time series are generated using static climate conditions which fail to account for the predicted major changes in future climate. This paper presents a simulation study that generates reference landscape compositions for all combinations of three climate scenarios (warm-wet, hot-dry, and current) and three fire regime scenarios (half historical, historical, and double historical fire frequencies) to determine if future climate change has an effect on landscape dynamics. We applied the spatially explicit, state-and-transition, landscape fire succession model LANDSUM to two large landscapes in west-central Montana, USA. LANDSUM was parameterized and initialized using spatial data generated from the LANDFIRE prototype project. Biophysical settings, critical spatial inputs to LANDSUM, were empirically modeled across the landscape using environmental gradients created from historical and modeled future climate daily weather data summaries. Successional pathways and disturbance probabilities were assigned to these biophysical settings based on existing field data and extensive literature reviews. To assess the impact of changes in climate and fire regime, we compared simulated area burned and landscape composition over time among the different simulation scenario combinations using response variables of Sorenson's index (a global measure of similarity) and area occupied by the dominant vegetation class (simple indicator of change in landscape composition). Results show that simulated time series using future predicted climate scenarios are significantly different from the simulated historical time series and any changes in the fire regime tend to create more dissimilar and more variable simulated time series. Our study results indicate that historical time series should be used in conjunction with simulated future time series as references for managing landscapes.
=593  \\$aPubAg article
=593  \\$cUSDA submission
=650  \3$alandscapes
=650  \3$aforest habitats
=650  \3$aclimatic factors
=650  \3$aclimate change
=650  \3$afire regime
=650  \3$aspatial data
=650  \3$avegetation cover
=650  \3$avegetation structure
=650  \3$aecological succession
=650  \3$atopography
=650  \3$aforest trees
=650  \3$astand composition
=650  \3$alandscape ecology
=650  \3$asimulation models
=650  \3$atime series analysis
=651  \3$aMontana
=653  \0$avegetation dynamics
=700  1\$aHolsinger, Lisa M.
=700  1\$aParsons, Russell A.
=700  1\$aGray, Kathy
=773  0\$tForest ecology and management.$g2008 Feb. 10, v.  254, no.  3 p.375-389$dElsevier Science$x0378-1127$7nnas
=787  1\$oproduct_pubag
=787  1\$oislandora_article_repository
=787  1\$oislandora_pubag_with_text
=787  1\$o(Journal)jnl9013
=852  \\$aDNAL
=856  40$uhttps://handle.nal.usda.gov/10113/29217$3Available in the National Agricultural Library PubAg search system
=856  40$uhttp://dx.doi.org/10.1016/j.foreco.2007.08.013$3Available from publisher's Web site
=912  \\$aArticle
=914  \\$aJournal:jnl9013$b0378-1127$c254$d3$e375
=914  \\$fForest ecology and management
=917  \\$aissued
=930  \\$a20090526$b20090608$c00000000
=935  \\$aIND44024532$9ExL
=945  \\$aIND$dLYN$e2008/10/23
=946  \\$aNon-US
=949  \\$a2016-09-13
=952  \\$a20090526 20090608 00000000$bIND LYN 2008/10/23
=961  \\$aUSDA/FS
=974  \\$aagid:29217
=984  \\$a2009-06-08
=985  \\$aConverted from MARCXML to MODS version 3.4 using MARC21slim2MODS3-4.xsl (Revision 1.95 2014/04/23)
=986  \\$a4024532

