=LDR  06051nab a2200733 u 4500
=001  9915728242707426
=005  20221207094812.0
=008  220901e20190711xx\|||||o|||||||||||eng||
=016  7\$aIND607612794$2DNAL
=024  7\$a10.1088/1748-9326/ab3178$2doi
=024  7\$a10.1088/1748-9326/ab3178$2chorus
=035  \\$aagid:7612794-01nal_inst
=040  \\$aAGL$beng$cAGL
=100  1\$aWang, Wen J.$eauthor$uNortheast Institute of Geography and Agroecology, Chinese Academy of Sciences, Changchun, 130102, People's Republic of China and School of Natural Resources, University of Missouri, 203 ABNR Bldg, Columbia, MO, 65211, United States of America
=245  10$aEffects of rising atmospheric CO2, climate change, and nitrogen deposition on aboveground net primary production in a temperate forest
=506  \\$aResource is Open Access$uhttp://purl.org/eprint/accessRights/OpenAccess
=506  \\$aCHORUS License Information
=520  \\$aTemperate forests regrowing from historical land use and land cover change in the eastern US serve as carbon (C) sinks. Environmental drivers have been significantly altered (e.g. rising atmospheric CO(2) concentration, warmer temperature, and elevated nitrogen (N) deposition) and will have a wide range of impacts on future forest C sinks. However, the interactions among these environmental drivers are unclear and their effects are subject to uncertainty. We assessed the combined and interactive effects of rising CO(2) concentration, climate change (temperature, precipitation), and N deposition on forest aboveground net primary production (ANPP) and their relative contribution to ANPP changes of a temperate forest in the eastern US. We used a process-based ecosystem model PnET-day to simulate coupled cycles of C, water, and N of forest ecosystems. We found that (1) climate change exerted negative effects on ANPP (−0.250 kg C m−2 yr−1) whereas rising CO(2) and N deposition enhanced ANPP (+0.253, +0.014 kg C m−2 yr−1); (2) climate change interacted with rising CO(2) and N deposition to decrease ANPP (−0.032, −0.018 kg C m−2 yr−1); rising CO(2) and N deposition acted in synergy to increase ANPP (+0.014 kg C m−2 yr−1); (3) changes in ANPP were mainly attributed to rising CO(2) and climate change whereas N deposition effects and any two- or three-factor interactive effects were relatively small. Our results suggest that the total negative effect sizes will not be offset by the total positive effect sizes, thus resulting in reductions in forest ANPP over the 21st century.
=592  \\$aPublisher supplied data
=593  \\$aPubAg article
=596  \\$cChinese Academy of Sciences
=596  \\$cNational Natural Science Foundation of China
=596  \\$cUSDA Forest Service Northern Research Station
=596  \\$cUniversity of Missouri-Columbia
=506  0\$fUnrestricted online access$2star
=650  \3$acarbon
=650  \3$aclimate change
=650  \3$aecological models
=650  \3$aland use and land cover maps
=650  \3$anet primary productivity
=650  \3$anitrogen
=650  \3$aresearch
=650  \3$atemperate forests
=650  \3$atemperature
=650  \3$auncertainty
=651  \3$aEastern United States
=700  1\$aMa, Shuang$eauthor$uKey Laboratory of Geographical Processes and Ecological Security in Changbai Mountains, Ministry of Education, School of Geographical Sciences, Northeast Normal University, Changchun, 130024, People's Republic of China
=700  1\$aHe, Hong S.$eauthor$uSchool of Natural Resources, University of Missouri, 203 ABNR Bldg, Columbia, MO, 65211, United States of America
=700  1\$aLiu, Zhihua$eauthor$uCAS Key Laboratory of Forest Ecology and Management, Institute of Applied Ecology, Chinese Academy of Sciences, Shenyang, 110016, People's Republic of China
=700  1\$aThompson, Frank R. lll$eauthor$uUSDA Forest Service, Northern Research Station, 202 ABNR Bldg, Columbia, MO, 65211, United States of America
=700  1\$aJin, Wenchi$eauthor$uSchool of Natural Resources, University of Missouri, 203 ABNR Bldg, Columbia, MO, 65211, United States of America
=700  1\$aWu, Zheng Fang$eauthor$uKey Laboratory of Geographical Processes and Ecological Security in Changbai Mountains, Ministry of Education, School of Geographical Sciences, Northeast Normal University, Changchun, 130024, People's Republic of China
=700  1\$aSpetich, Martin A.$eauthor$uArkansas Forestry Science Laboratory, USDA Forest Service, Southern Research Station, PO Box 1270, Hot Springs, AR 71902 United States of America
=700  1\$aWang, Lei$eauthor$uNortheast Institute of Geography and Agroecology, Chinese Academy of Sciences, Changchun, 130102, People's Republic of China
=700  1\$aXue, Song$eauthor$uNortheast Institute of Geography and Agroecology, Chinese Academy of Sciences, Changchun, 130102, People's Republic of China
=700  1\$aZhang, Wenguang$eauthor$uNortheast Institute of Geography and Agroecology, Chinese Academy of Sciences, Changchun, 130102, People's Republic of China
=700  1\$aWang, Xianwei$eauthor$uNortheast Institute of Geography and Agroecology, Chinese Academy of Sciences, Changchun, 130102, People's Republic of China
=773  0\$tEnvironmental Research Letters.$g2019 July 11, v. 14, no. 10$dIOP Publishing$x1748-9326$7nnas
=787  1\$oislandora_article_repository
=787  1\$oproduct_pubag
=856  40$uhttp://dx.doi.org/10.1088/1748-9326/ab3178$3Available from publisher's site
=856  40$uhttp://handle.nal.usda.gov/10113/7612794
=912  \\$aArticle
=914  \\$fEnvironmental Research Letters
=917  \\$aissued
=918  2\$aCHORUS$eprovider$5DNAL
=935  \\$aIND607612794$9ExL
=949  \\$a2022-04-22
=955  \\$a/data/metadata/staging/chorus
=961  \\$aUSDA
=974  \\$aagid:7612794
=983  \\$a2022-09-01T12:44:59-04:00
=984  \\$a2022-09-28
=985  \\$aXML source generated via Python using CHORUS API JSON data; converted to MODS with chorus_to_mods.xsl

