=LDR  04486nab a2200793 u 4500
=001  9915728405907426
=005  20221121004504.0
=008  220530e20220504xx\|||||o|||||||||||eng||
=016  7\$aIND607612752$2DNAL
=024  7\$a10.1080/08941920.2021.1991066$2chorus
=024  7\$a10113/7612752$2hdl
=024  7\$a10.1080/08941920.2021.1991066$2doi
=035  \\$aagid:7612752-01nal_inst
=040  \\$aAGL$beng$cAGL
=100  1\$aSoucy, Alyssa$eauthor$uSchool of Forest Resources, University of Maine, Orono, Maine, USA
=245  10$aDrivers of Climate Change Risk Perceptions among Diverse Forest Stakeholders in Maine, USA
=300  \\$ap. 467-486.
=520  \\$aClimate change is impacting forest ecosystems, which support key ecosystem services and the general well-being of natural resource-dependent communities in Northeastern, USA. Understanding the determinants of climate change risk perceptions among forest resource stakeholders is critical to eliciting broad support for adaptation. We examined social-psychological drivers of climate change risk perceptions using hierarchical regression based on an online survey of 211 forest stakeholders, representing a wide range of subsectors, in Maine, USA. Using the climate change risk perceptions model (CCRPM), we explained 70% of the variance in risk perception. Political orientation, belief in climate change, social norms, affect, and experience with weather-related impacts were all significant predictors of perceived risk. Mediation results demonstrate that experience with weather-related impacts influences risk perceptions indirectly via attribution and holistic affect. This study advances our understanding of the social-psychological determinants of climate change risk perceptions, with implications for communication and outreach strategies.
=536  \\$aThis work was supported by the USDA National Institute of Food and Agriculture, McIntire Stennis through the Maine Agricultural & Forest Experiment Station under project number ME0-41504; AFRI Agriculture and Natural Resources Science for Climate Variability and Change (AFRI ANRCVC) Challenge Area Program under Grant number 2018-69002-27933; US Forest Service, State and Private Forestry under Grant number 17-DG-11420004-144; and the AVANGRID Foundation.
=592  \\$aPublisher supplied data
=593  \\$aPubAg article
=596  \\$aME0-41504
=596  \\$aAFRI ANRCVC
=596  \\$a2018-69002-27933
=596  \\$a17-DG-11420004-144
=650  \3$aclimate change
=650  \3$aforests
=650  \3$amodels
=650  \3$aoutreach
=650  \3$apolitics
=650  \3$arisk perception
=650  \3$astakeholders
=650  \3$asurveys
=650  \3$avariance
=651  \3$aMaine
=653  \0$aAffect
=653  \0$aexperience
=653  \0$aforest management
=653  \0$aforest owners
=653  \0$asocio-ecological systems
=653  \0$asurvey research
=700  1\$aDe Urioste-Stone, Sandra$eauthor$uSchool of Forest Resources, University of Maine, Orono, Maine, USA
=700  1\$aRahimzadeh-Bajgiran, Parinaz$eauthor$uSchool of Forest Resources, University of Maine, Orono, Maine, USA
=700  1\$aWeiskittel, Aaron$eauthor$uSchool of Forest Resources, University of Maine, Orono, Maine, USA
=773  0\$tSociety & natural resources.$g2022 May 4, v. 35, no. 5 p.467-486$dRoutledge$wJournal:jnl45063$x1521-0723$7nnas
=787  1\$oislandora_article_repository
=787  1\$oproduct_pubag
=787  1\$o(Journal)jnl45063
=856  40$uhttps://dx.doi.org/10.1080/08941920.2021.1991066$3Available from publisher's site
=856  40$uhttps://handle.nal.usda.gov/10113/7612752$3Available in the National Agricultural Library PubAg search system
=912  \\$aArticle
=914  \\$aJournal:jnl45063
=914  \\$fSociety & natural resources
=916  \\$aBatch:10238
=917  \\$aissued
=918  2\$aTaylor & Francis Group$eprovider$5DNAL
=935  \\$aIND607612752$9ExL
=949  \\$a2022-05-17
=952  \\$dNAL-AP-2-clean
=953  \\$a/data/metadata/incoming/taylorfrancis/usnr20_usnr20.v035.i05_20220530043122#29007518.zip
=954  \\$afile:/data/metadata/staging/taylorfrancis/08941920.2021.1991066.xml
=955  \\$a/data/metadata/staging/taylorfrancis/
=961  \\$aUSDA
=962  \\$aUSDA Scientist Submission
=962  \\$aUSDA Scientist Submission; eISSN 1521-0723
=962  \\$aMissing ISSN
=974  \\$aagid:7612752
=983  \\$a2022-05-30
=984  \\$a2022-09-06

