=LDR  02860nab a2200601 u 4500
=001  9915730303507426
=005  20221122222706.0
=008  020415s2001\\\\iau|||||||||||||||||eng||
=016  7\$aIND23265351$2DNAL
=024  7\$a10113/6627$2hdl
=035  \\$aagid:6627-01nal_inst
=040  \\$aAGL$beng$cAGL
=100  1\$aNearing, M.A.
=245  10$aPotential changes in rainfall erosivity in the U.S. with climate change during the 21st century
=300  \\$ap. 229-232.
=500  \\$aIncludes references
=500  \\$a2019-12-06
=520  \\$a The erosive power of rainfall can be expected to change as climate changes. Such erosive changes are likely to have significant impacts on local and national soil conservation strategies. This study uses results of climate change scenarios from two coupled Atmosphere-Ocean Global Climate Models to investigate the possible levels and patterns of change that might be expected over the 21st century. Results of this study suggest the potential for changes in rainfall erosively across much of the continental United States during the coming century. The magnitude of change (positive or negative) across the country over an 80 year period averaged between 16-58%, depending upon the method used to make the predictions. Some areas of the country showed increases and others showed decreases in erosivity. Spatial distributions of calculated erosivity changes indicated areas of both consistency and inconsistency between the two climate models.
=593  \\$aPubAg article
=593  \\$cUSDA submission
=650  \3$asimulation models
=650  \3$aclimate change
=650  \3$arain
=650  \3$aUniversal Soil Loss Equation
=650  \3$awater erosion
=650  \3$aprediction
=651  \3$aUnited States
=653  \0$amathematical models
=653  \0$aequations
=653  \0$aatmosphere-ocean global climate models
=653  \0$aerosivity
=773  0\$tJournal of soil and water conservation.$g2001, v.  56, no.  3 p.229-232$wJournal:1947$x0022-4561$7nnas
=787  1\$oproduct_pubag
=787  1\$oislandora_article_repository
=787  1\$oislandora_pubag_with_text
=787  1\$o(Journal)1947
=852  \\$aDNAL
=856  40$uhttps://handle.nal.usda.gov/10113/6627$3Available in the National Agricultural Library PubAg search system
=912  \\$aArticle
=914  \\$aJournal:1947$b0022-4561$c56$d3$e229
=914  \\$fJ. soil water conserv
=917  \\$aissued
=930  \\$a20071116$b20071210$c00000000
=935  \\$aIND23265351$9ExL
=945  \\$aIND$dCMS
=946  \\$aOther US
=949  \\$a2014-07-17
=952  \\$a20071116 20071210 00000000$bIND CMS 
=961  \\$aUSDA/ARS
=974  \\$aagid:6627
=984  \\$a2007-12-10
=985  \\$aConverted from MARCXML to MODS version 3.4 using MARC21slim2MODS3-4.xsl (Revision 1.95 2014/04/23)
=986  \\$a3530772

