=LDR  03911nab a2200745 u 4500
=001  9915730953907426
=005  20221120192814.0
=008  071113e20050630xx\|||||o|||||||||||eng||
=016  7\$aIND43978173$2DNAL
=024  7\$a10.1016/j.catena.2005.03.003$2doi
=024  7\$a10113/6789$2hdl
=035  \\$aagid:6789-01nal_inst
=040  \\$aAGL$beng$cAGL
=072  \0$aB200
=072  \0$aJ800
=072  \0$aJ700
=100  1\$aO'Neal, M.R.
=245  10$aClimate change impacts on soil erosion in Midwest United States with changes in crop management
=300  \\$ap. 165-184.
=500  \\$aIncludes references
=500  \\$a2019-12-06
=520  \\$aThis study investigates potential changes in erosion rates in the Midwestern United States under climate change, including the adaptation of crop management to climate change. Previous studies of erosion under climate change have not taken into account farmer choices of crop rotations or planting dates, which will adjust to compensate for climate change. In this study, changes in management were assigned based on previous studies of crop yield, optimal planting date, and most profitable rotations under climate change in the Midwestern United States. Those studies predicted future shifts from maize and wheat to soybeans based on price and yield advantages to soybeans. In the results of our simulations, for 10 of 11 regions of the study area runoff increased from + 10% to + 310%, and soil loss increased from + 33% to + 274%, in 2040-2059 relative to 1990-1999. Soil loss changes were more variable compared to studies that did not take into account changes in management. Increased precipitation and decreasing cover from temperature-stressed maize were important factors in the results. The soil erosion model appeared to underestimate the impact of change in crop type, particularly to soybeans, meaning that erosion increases could be even higher than simulated. This research shows that future crop management changes due to climate and economics can affect the magnitude of erosional impacts beyond that which would be predicted from direct climate change alone. Prediction of future soil erosion can help in the management of valuable cropland and suggest the need for continually changing soil conservation strategies.
=593  \\$aPubAg article
=650  \3$aplanting date
=650  \3$aZea mays
=650  \3$aGlycine max
=650  \3$asimulation models
=650  \3$aagricultural runoff
=650  \3$aWater Erosion Prediction Project
=650  \3$aclimate change
=650  \3$acrop yield
=650  \3$aTriticum aestivum
=650  \3$asoil erosion
=650  \3$aclimate models
=650  \3$atemperature
=650  \3$acrop rotation
=650  \3$aprediction
=651  \3$aMidwestern United States
=653  \0$aprecipitation
=653  \0$asoil erosion models
=700  1\$aNearing, M.A.
=700  1\$aVining, R.C.
=700  1\$aSouthworth, J.
=700  1\$aPfeifer, R.A.
=773  0\$tCatena.$g2005 June 30, v.  61, no.  2-3 p.165-184$7nnas
=787  1\$oproduct_pubag
=787  1\$oislandora_pubag_with_text
=787  1\$oislandora_article_repository
=852  \\$aDNAL
=856  40$uhttps://handle.nal.usda.gov/10113/6789$3Available in the National Agricultural Library PubAg search system
=856  40$uhttp://dx.doi.org/10.1016/j.catena.2005.03.003$3Available from publisher's Web site
=912  \\$aArticle
=914  \\$fCatena
=917  \\$aissued
=930  \\$a20071116$b20071210$c00000000
=935  \\$aIND43978173$9ExL
=945  \\$aIND$dLYN$e2007/11/16
=946  \\$aNon-US
=949  \\$a2016-09-13
=952  \\$a20071116 20071210 00000000$bIND LYN 2007/11/16
=961  \\$aUSDA/ARS
=974  \\$aagid:6789
=984  \\$a2007-12-10
=985  \\$aConverted from MARCXML to MODS version 3.4 using MARC21slim2MODS3-4.xsl (Revision 1.95 2014/04/23)
=986  \\$a3978173

