=LDR  04523nab a2200757 u 4500
=001  9915731007107426
=005  20221121015846.0
=008  071113e20050630xx\|||||o|||||||||||eng||
=016  7\$aIND43978202$2DNAL
=024  7\$a10.1016/j.catena.2005.03.009$2doi
=024  7\$a10113/6790$2hdl
=035  \\$aagid:6790-01nal_inst
=040  \\$aAGL$beng$cAGL
=072  \0$aJ800
=072  \0$aX100
=072  \0$aF120
=072  \0$aJ700
=072  \0$aB200
=100  1\$aZhang, X.C.
=245  10$aImpact of climate change on soil erosion, runoff, and wheat productivity in central Oklahoma
=300  \\$ap. 185-195.
=500  \\$aIncludes references
=500  \\$a2019-12-06
=520  \\$aThe potential for global climate changes to increase the risk of soil erosion is clear, but the actual damage is not. The objectives of this study were to evaluate the potential impacts of climate change on soil erosion, surface runoff, and wheat productivity in central Oklahoma. Monthly projections were used from the Hadley Centre's general circulation model, HadCM3, using scenarios A2a, B2a, and GGa1 for the periods of 1950-1999 and 2070-2099. Projected changes in monthly precipitation and temperature distributions between the two periods were incorporated into daily weather series by means of a stochastic weather generator (CLIGEN) with its input parameters adjusted to each scenario. The Water Erosion Prediction Project (WEPP) model was run for four climate scenarios including a recent historical climate and three tillage systems (conventional tillage, conservation tillage, and no-till). HadCM3-projected mean annual precipitation during 2070-2099 at El Reno, Oklahoma decreased by 13.6%, 7.2%, and 6.2% for A2a, B2a, and GGa1, respectively; and mean annual temperature increased by 5.7, 4.0, and 4.7 °C, respectively. Predicted average annual soil loss in the tillage systems other than no-till, compared with historical climate (1950-1999), increased by 18-30% for A2a, remained similar for B2a, and increased by 67-82% for GGa1. Predicted soil loss in no-till did not increase in the three scenarios. Predicted mean annual runoff in all three tillage systems increased by 16-25% for A2a, remained similar for B2a, and increased by 6-19% for GGa1. The greater increases in soil loss and runoff in GGa1 were attributed to greater variability in monthly precipitation as projected by HadCM3. The increased variability led to increased frequency of large storms. Small changes in wheat yield, which ranged from a 5% decrease in B2a to a 5% increase in GGa1, were because the adverse effects of the temperature increase on winter wheat growth were largely offset by CO2 rise as well as the bulky decrease in precipitation occurred outside the growing season. The overall results indicate that no-till and conservation tillage systems will be effective in combating soil erosion under projected climates in central Oklahoma.
=593  \\$aPubAg article
=650  \3$atemporal variation
=650  \3$awinter wheat
=650  \3$asimulation models
=650  \3$acarbon dioxide
=650  \3$agreenhouse gases
=650  \3$ano-tillage
=650  \3$aconventional tillage
=650  \3$aWater Erosion Prediction Project
=650  \3$ayields
=650  \3$aclimate change
=650  \3$awatersheds
=650  \3$aTriticum aestivum
=650  \3$asoil erosion
=650  \3$atemperature
=650  \3$arunoff
=651  \3$aOklahoma
=653  \0$aprecipitation
=653  \0$aconservation tillage
=653  \0$aHadley Centre model (HadCM3)
=700  1\$aNearing, M.A.
=773  0\$tCatena.$g2005 June 30, v.  61, no.  2-3 p.185-195$7nnas
=787  1\$oproduct_pubag
=787  1\$oislandora_pubag_with_text
=787  1\$oislandora_article_repository
=852  \\$aDNAL
=856  40$uhttps://handle.nal.usda.gov/10113/6790$3Available in the National Agricultural Library PubAg search system
=856  40$uhttp://dx.doi.org/10.1016/j.catena.2005.03.009$3Available from publisher's Web site
=912  \\$aArticle
=914  \\$fCatena
=917  \\$aissued
=930  \\$a20071116$b20071210$c00000000
=935  \\$aIND43978202$9ExL
=945  \\$aIND$dLYN$e2007/11/16
=946  \\$aNon-US
=949  \\$a2016-09-13
=952  \\$a20071116 20071210 00000000$bIND LYN 2007/11/16
=961  \\$aUSDA/ARS
=974  \\$aagid:6790
=984  \\$a2007-12-10
=985  \\$aConverted from MARCXML to MODS version 3.4 using MARC21slim2MODS3-4.xsl (Revision 1.95 2014/04/23)
=986  \\$a3978202

