=LDR  03565nab a2200565 u 4500
=001  9915731236207426
=005  20221123003812.0
=008  221001e202110\\xx\|||||o|||||||||||eng||
=016  7\$aIND607548916$2DNAL
=024  7\$a10.1007/s10584-021-03242-6$2doi
=035  \\$aagid:7548916-01nal_inst
=040  \\$aAGL$beng$cAGL
=100  1\$aSloggy, Matthew R.$eauthor$uUSDA Forest Service, Pacific Southwest Research Service, Riverside, CA, USA. matthew.sloggy@usda.gov
=245  10$aChanging opinions on a changing climate: the effects of natural disasters on public perceptions of climate change [Erratum: September 2022, v.174(1-2); p.17]
=300  \\$ap. 25.
=520  \\$aThe frequency and intensity of natural disasters such as hurricanes, wildfires, and floods are predicted to change as greenhouse gas concentrations increase. These disasters may represent sources of information for individuals as they update their beliefs related to climate change. Using a dataset that includes climate beliefs of respondents, we examine the effect of natural disasters on climate change beliefs and find that hurricanes significantly increase the probability that survey respondents from a given county believe that climate change is occurring and that it is human caused. We find that past experience with certain types of natural disasters (e.g., hurricanes) impacts beliefs regarding whether climate change is occurring and if it is human caused. The research contributes to the literature evaluating climate change attitudes by using spatially disaggregate information on climate change beliefs and exposure to a set of natural disasters over time. Characterizing beliefs and attitudes toward climate change and related policies is important since these beliefs are a determinant of individual adaptation and support for policies related to reducing carbon emissions.
=592  \\$aPublisher supplied data
=593  \\$aPubAg article
=650  \3$acarbon
=650  \3$aclimate
=650  \3$aclimate change
=650  \3$adata collection
=650  \3$agreenhouse gases
=650  \3$ahumans
=650  \3$aprobability
=650  \3$asurveys
=700  1\$aSuter, Jordan F.$eauthor$uDepartment of Agricultural and Resource Economics, Colorado State University, Fort Collins, CO, USA
=700  1\$aRad, Mani Rouhi$eauthor$uDepartment of Agricultural Sciences, Clemson University, Clemson, SC, USA
=700  1\$aManning, Dale T.$eauthor$uDepartment of Agricultural and Resource Economics, Colorado State University, Fort Collins, CO, USA
=700  1\$aGoemans, Chris$eauthor$uDepartment of Agricultural and Resource Economics, Colorado State University, Fort Collins, CO, USA
=773  0\$tClimatic change.$g2021 Oct., v. 168, no. 3-4 p.25-25$dSpringer Netherlands$wJournal:jnl8952$x0165-0009$7nnas
=787  1\$oislandora_article_repository
=787  1\$oproduct_pubag
=787  1\$o(Journal)jnl8952
=856  40$uhttp://dx.doi.org/10.1007/s10584-021-03242-6$3Available from publisher's site
=912  \\$aArticle
=914  \\$aJournal:jnl8952$b0165-0009$c168$d3-4$e25
=914  \\$fClimatic change
=916  \\$aBatch:10203
=917  \\$aissued
=918  2\$aSpringer$eprovider$5DNAL
=935  \\$aIND607548916$9ExL
=949  \\$a2022-02-23
=953  \\$a/data/metadata/incoming/springer/ftp_PUB_22-10-01_05-36-59.zip
=954  \\$afile:/data/metadata/staging/springer/10584-168-3-4.xml
=955  \\$a/data/metadata/staging/springer/
=961  \\$aUSDA/FS
=974  \\$aagid:7548916
=983  \\$a2022-10-01
=984  \\$a2022-10-03

