=LDR  04975nab a2200865 u 4500
=001  9915732713607426
=005  20221215142404.0
=008  220901e201903\\xx\|||||o|||||||||||eng||
=016  7\$aIND607338603$2DNAL
=024  7\$a10113/7338603$2hdl
=024  7\$a10.1029/2018wr023468$2doi
=024  7\$a10.1029/2018wr023468$2chorus
=035  \\$aagid:7338603-01nal_inst
=040  \\$aAGL$beng$cAGL
=100  1\$aLove, D. M.$eauthor$uSchool of Biological Sciences, University of Utah; Now at Warnell School of Forestry and Natural Resources, University of Georgia, USA
=245  10$aDependence of Aspen Stands on a Subsurface Water Subsidy: Implications for Climate Change Impacts
=300  \\$ap. 1833-1848.
=506  \\$aResource is Open Access$uhttp://purl.org/eprint/accessRights/OpenAccess
=506  \\$aCHORUS License Information
=506  \\$aResource is Open Access
=506  \\$aAmerican Geophysical Union (AGU) License Information
=520  \\$aThe reliance of 10 Utah (USA) aspen forests on direct infiltration of growing season rain versus an additional subsurface water subsidy was determined from a trait‐ and process‐based model of stomatal control. The model simulated the relationship between water supply to the root zone versus canopy transpiration and assimilation over a growing season. Canopy flux thresholds were identified that distinguished nonstressed, stressed, and dying stands. We found growing season rain and local soil moisture were insufficient for the survival of 5 of 10 stands. Six stands required a substantial subsidy (31-80% of potential seasonal transpiration) to avoid water stress and maximize photosynthetic potential. Subsidy dependence increased with stand hydraulic conductance. Four of the six "subsidized" stands were predicted to be stressed during the survey year owing to a subsidy shortfall. Since winter snowpack is closely related to groundwater recharge in the region, we compared winter precipitation with tree‐ring chronologies. Consistent with model predictions, chronologies were more sensitive to snowpack in subsidized stands than in nonsubsidized ones. The results imply that aspen stand health in the region is more coupled to winter snowpack than to growing season water supply. Winters are predicted to have less precipitation as snow, indicating a stressful future for the region's aspen forests.
=592  \\$aPublisher supplied data
=593  \\$aPubAg article
=596  \\$cUSDA
=596  \\$cNSF
=506  0\$fUnrestricted online access$2star
=650  \3$acanopy
=650  \3$aclimate change
=650  \3$agroundwater recharge
=650  \3$agrowth rings
=650  \3$ahydraulic conductivity
=650  \3$amodels
=650  \3$aphotosynthesis
=650  \3$arain
=650  \3$aresearch
=650  \3$arhizosphere
=650  \3$asnow
=650  \3$asnowpack
=650  \3$asoil water
=650  \3$asurveys
=650  \3$atranspiration
=650  \3$awater stress
=650  \3$awater supply
=651  \3$aUtah
=700  1\$aVenturas, M. D.$eauthor$uSchool of Biological Sciences, University of Utah, USA
=700  1\$aSperry, J. S.$eauthor$uSchool of Biological Sciences, University of Utah, USA
=700  1\$aBrooks, P. D.$eauthor$uDepartment of Geology and Geophysics, University of Utah, USA
=700  1\$aPettit, J. L.$eauthor$uDepartment of Wildland Resources, Utah State University, USA
=700  1\$aWang, Y.$eauthor$uSchool of Biological Sciences, University of Utah, USA
=700  1\$aAnderegg, W. R. L.$eauthor$uSchool of Biological Sciences, University of Utah, USA
=700  1\$aTai, X.$eauthor$uDepartment of Geology and Geophysics, University of Utah; Department of Geography, State University of New York at Buffalo, USA
=700  1\$aMackay, D. S.$eauthor$uDepartment of Geography, State University of New York at Buffalo, USA
=773  0\$tWater Resources Research.$g2019 Mar., v. 55, no. 3 p.1833-1848$dAmerican Geophysical Union (AGU)$wJournal:jnl46306$x0043-1397$7nnas
=787  1\$oislandora_article_repository
=787  1\$oproduct_pubag
=787  1\$o(Journal)jnl46306
=856  40$uhttps://handle.nal.usda.gov/10113/7338603$3Available in the National Agricultural Library PubAg search system
=856  40$uhttp://dx.doi.org/10.1029/2018wr023468$3Available from publisher's site
=912  \\$aArticle
=914  \\$aJournal:jnl46306$c55$d3$e1833
=914  \\$fWater Resources Research
=916  \\$aBatch:10129
=917  \\$aissued
=918  2\$aCHORUS$eprovider$5DNAL
=935  \\$aIND607338603$9ExL
=949  \\$a2021-09-07
=955  \\$a/data/metadata/staging/chorus
=961  \\$aUSDA
=962  \\$aUSDA Scientist Submission
=962  \\$aUSDA Scientist Submission; eISSN 1944-7973
=974  \\$aagid:7338603
=983  \\$a2022-09-01T12:42:19-04:00
=984  \\$a2022-09-26
=985  \\$aXML source generated via Python using CHORUS API JSON data; converted to MODS with chorus_to_mods.xsl

