=LDR  04528nab a2200757 u 4500
=001  9915736216907426
=005  20221214224426.0
=008  170819e20170501xx\|||||o|||||||||||eng||
=016  7\$aIND605801854$2DNAL
=024  7\$a10113/5801854$2hdl
=024  7\$a330640$2aris
=024  7\$a10.2489/jswc.72.3.240$2doi
=035  \\$aagid:5801854-01nal_inst
=040  \\$aAGL$beng$cAGL
=100  1\$aPease, Lindsay A.$eauthor$uDepartment  of  Food,  Agricultural,  and  Biological  Engineering, The  Ohio  State University, Columbus, Ohio
=245  10$aProjected climate change effects on subsurface drainage and the performance of controlled drainage in the Western Lake Erie Basin
=300  \\$ap. 240-250.
=506  \\$aWorks produced by employees of the U.S. Government as part of their official duties are not copyrighted within the U.S. The content of this document is not copyrighted.
=520  \\$aThe US Midwest is expected to experience higher intensity rainfall events along with an increased chance of drought during the mid- and late 21st century under projected future climate scenarios. Development of strategies to mitigate the impact of these projected changes on agricultural production and environmental quality is important for ensuring agricultural resiliency to future climate. This study used the DRAINMOD hydrologic model to simulate subsurface drainage discharge at a field site in the headwaters of the Western Lake Erie Basin using future climate patterns projected by 20 general circulation models. Despite projected increases in rainfall, by the late twenty-first century, subsurface discharge was projected to decrease 7% and 11% under representative concentration pathway (RCP) 4.5 and RCP 8.5, respectively. Reductions in subsurface discharge were attributed to increased temperature and evapotranspiration. The performance of controlled drainage was not projected to change on an annual basis throughout the next century. The benefits of controlled drainage systems as an agricultural best management practice were still evident under the projected climate change of the next century. The role of controlled drainage as a means to potentially retain more crop available water in the soil profile could become critically important under future climate conditions.
=593  \\$aPubAg article
=594  \\$aEmbargoed article
=595  \\$bllucas$c2017-09-22$dmanager-lgarner$e2017-09-26
=593  \\$eARIS manuscript
=650  \3$aGeneral Circulation Models
=650  \3$abasins
=650  \3$abest management practices
=650  \3$aclimate
=650  \3$aclimate change
=650  \3$adrought
=650  \3$aenvironmental quality
=650  \3$aevapotranspiration
=650  \3$ahydrologic models
=650  \3$aplant available water
=650  \3$aprediction
=650  \3$arain
=650  \3$asimulation models
=650  \3$asoil profiles
=650  \3$asubsurface drainage
=650  \3$atemperature
=651  \3$aLake Erie
=651  \3$aUnited States
=700  1\$aFausey, Norman R.$eauthor$uSoil Drainage Research Unit, USDA, Agricultural Research Service, Columbus, Ohio
=700  1\$aMartin, Jay F.$eauthor$uDepartment of  Food, Agricultural, and Biological  Engineering, and Ohio Sea  Grant Program, The Ohio State University, Columbus, Ohio
=700  1\$aBrown, Larry C.$eauthor$uDepartment of Food, Agricultural, and Biological Engineering, The Ohio State University, Columbus, Ohio
=773  0\$tJournal of soil and water conservation.$g2017 , v. 72, no. 3 p.240-250$wJournal:1947$x0022-4561$7nnas
=787  1\$oislandora_article_repository
=787  1\$oproduct_pubag
=787  1\$o(Journal)1947
=856  40$uhttps://handle.nal.usda.gov/10113/5801854$3Available in the National Agricultural Library PubAg search system
=856  40$uhttp://dx.doi.org/10.2489/jswc.72.3.240
=912  \\$aArticle
=914  \\$aJournal:1947$c72$d3$e240
=914  \\$fJournal of soil and water conservation
=916  \\$aBatch:1834
=917  \\$aissued
=935  \\$aIND605801854$9ExL
=949  \\$a2017-11-02
=956  \\$aARIS submission$bhttps://submit.nal.usda.gov/system/files/submissions/330640.pdf
=961  \\$aUSDA
=962  \\$aUSDA Scientist Submission
=962  \\$aBatch:1834 reviewed on 2017-11-02T13:15:02Z
=974  \\$aagid:5801854
=983  \\$a2017-08-19
=984  \\$a2017-11-02
=985  \\$aUSDA submission converted from Drupal to MODS version 3.4 using submission2mods.xsl (Revision 1.002 2014/01/28)
=986  \\$ans13122

