=LDR  04735nab a2200685 u 4500
=001  9915737518607426
=005  20221120035220.0
=008  201230e202012\\xx\|||||o|||||||||||eng||
=016  7\$aIND607180006$2DNAL
=024  7\$a10.1007/s10113-020-01721-7$2doi
=035  \\$aagid:7180006-01nal_inst
=040  \\$aAGL$beng$cAGL
=100  1\$aMarshall, Adrienne M.$eauthor$uDepartment of Forest, Rangeland and Fire Sciences, University of Idaho, Moscow, ID, 83843, USA. adriennemarshall@uidaho.edu$1https://orcid.org/0000-0001-5555-2548
=245  10$aClimate change literature and information gaps in mountainous headwaters of the Columbia River Basin
=300  \\$ap. 134.
=500  \\$aReview
=520  \\$aClimate change is altering mountainous headwaters and the biophysical and social systems that depend on them. While scientific knowledge on climate change abounds, literature syntheses are needed to understand the multidisciplinary impacts, identify critical knowledge gaps, and assess potential management and policy responses. In this study, we systematically map and analyze the topical and spatial distribution of climate change research in the mountainous headwaters of a major transboundary watershed, the Columbia River Basin (CRB). We find that climate change research in the CRB focuses on impacts much more frequently than adaptation, while mitigation is rarely a focus. Most studies assess trends at large spatial extents, use secondary data, and make projections of climate change impacts rather than observations. The spatial distribution and thematic content of research vary across an international border, with greater concentrations of research in the USA than Canada. A general scarcity of social science research and limited interaction between social and biophysical content reinforce the need for increased collaboration between disparate disciplines. Future research focus areas should include research related to climate change adaptation and mitigation, increased integration between social and biophysical sciences, and collaborations that bridge the international border for a more unified basin-wide focus. Focusing on these new directions for research will increase the potential for science and management communities to co-produce actionable science and effective responses to climate change.
=592  \\$aPublisher supplied data
=593  \\$aPubAg article
=596  \\$a1249400$cNational Science Foundation (US)
=596  \\$a1249400$cNational Science Foundation (US)
=596  \\$a1249400$cNational Science Foundation (US)
=596  \\$a1249400$cNational Science Foundation (US)
=596  \\$a1249400$cNational Science Foundation (US)
=596  \\$a1249400$cNational Science Foundation (US)
=596  \\$a1249400$cNational Science Foundation (US)
=650  \3$aclimate change
=650  \3$aissues and policy
=650  \3$amountains
=650  \3$asociety
=650  \3$awatersheds
=651  \3$aCanada
=651  \3$aColumbia River
=651  \3$aUnited States
=700  1\$aFoard, Meghan$eauthor$uWater Resources Graduate Program, University of Idaho, Moscow, ID, 83843, USA
=700  1\$aCooper, Courtney M.$eauthor$uWater Resources Graduate Program, University of Idaho, Moscow, ID, 83843, USA
=700  1\$aEdwards, Paris$eauthor$uUSDA Northwest Climate Hub, USDA Pacific Northwest Research Station, Corvallis, OR, 97331, USA
=700  1\$aHirsch, Shana L.$eauthor$uDepartment of Human Centered Design and Engineering, University of Washington, Seattle, WA, 98195, USA
=700  1\$aRussell, Micah$eauthor$uDepartment of Environment and Sustainability, Western Colorado University, Gunnison, CO, 81231, USA
=700  1\$aLink, Timothy E.$eauthor$uDepartment of Forest, Rangeland and Fire Sciences, University of Idaho, Moscow, ID, 83843, USA
=773  0\$tRegional environmental change.$g2020 Dec., v. 20, no. 4 p.134-134$dSpringer Berlin Heidelberg$wJournal:J000000303$x1436-3798$7nnas
=787  1\$oislandora_article_repository
=787  1\$oproduct_pubag
=787  1\$o(Journal)J000000303
=856  40$uhttps://dx.doi.org/10.1007/s10113-020-01721-7$3Available from publisher's site
=912  \\$aArticle
=914  \\$aJournal:J000000303$b1436-3798$c20$d4$e134
=914  \\$fRegional environmental change
=916  \\$aBatch:2628
=917  \\$aissued
=918  2\$aSpringer$eprovider$5DNAL
=935  \\$aIND607180006$9ExL
=949  \\$a2020-12-24
=953  \\$a/data/metadata/incoming/springer/ftp_PUB_20-12-30_05-10-11.zip
=954  \\$afile:/data/metadata/staging/springer/10113-20-4.xml
=955  \\$a/data/metadata/staging/springer/
=961  \\$aUSDA
=974  \\$aagid:7180006
=983  \\$a2020-12-30
=984  \\$a2020-12-30

