=LDR  03752nab a2200793 u 4500
=001  9915738589807426
=005  20221214225322.0
=008  160205e201311\\xx\|||||o|||||||||||eng||
=016  7\$aIND604815340$2DNAL
=024  7\$a293370$2aris
=024  7\$a10113/4815340$2hdl
=024  7\$a10.1890/120312$2doi
=024  8\$ans16397
=035  \\$aagid:4815340-01nal_inst
=040  \\$aAGL$beng$cAGL
=100  1\$aNelson, Erik J$eauthor$uDepartment of Economics, Bowdoin College, Brunswick, ME
=245  10$aClimate change's impact on key ecosystem services and the human well‐being they support in the US
=300  \\$ap. 483-893.
=506  \\$aWorks produced by employees of the U.S. Government as part of their official duties are not copyrighted within the U.S. The content of this document is not copyrighted.
=520  \\$aClimate change alters the functions of ecological systems. As a result, the provision of ecosystem services and the well‐being of people that rely on these services are being modified. Climate models portend continued warming and more frequent extreme weather events across the US. Such weather‐related disturbances will place a premium on the ecosystem services that people rely on. We discuss some of the observed and anticipated impacts of climate change on ecosystem service provision and livelihoods in the US. We also highlight promising adaptive measures. The challenge will be choosing which adaptive strategies to implement, given limited resources and time. We suggest using dynamic balance sheets or accounts of natural capital and natural assets to prioritize and evaluate national and regional adaptation strategies that involve ecosystem services.
=592  \\$aPublisher supplied data
=593  \\$aPubAg article
=593  \\$eARIS manuscript
=650  \3$aclimate change
=650  \3$aclimate models
=650  \3$aecological function
=650  \3$aecosystem services
=650  \3$ahumans
=650  \3$alivelihood
=650  \3$anatural capital
=650  \3$apeople
=650  \3$aweather
=651  \3$aUnited States
=700  1\$aKareiva, Peter$eauthor
=700  1\$aRuckelshaus, Mary$eauthor
=700  1\$aArkema, Katie$eauthor
=700  1\$aGeller, Gary$eauthor
=700  1\$aGirvetz, Evan$eauthor
=700  1\$aGoodrich, Dave$eauthor
=700  1\$aMatzek, Virginia$eauthor
=700  1\$aPinsky, Malin$eauthor
=700  1\$aReid, Walt$eauthor
=700  1\$aSaunders, Martin$eauthor
=700  1\$aSemmens, Darius$eauthor
=700  1\$aTallis, Heather$eauthor
=773  0\$tFrontiers in ecology and the environment.$g2013 Nov., v. 11, no. 9 p.483-893$dEcological Society of America$x1540-9295$7nnas
=787  1\$oislandora_article_repository
=787  1\$oproduct_pubag
=787  1\$o(Journal)23083
=856  40$uhttps://handle.nal.usda.gov/10113/4815340$3Available in the National Agricultural Library PubAg search system
=856  40$uhttps://dx.doi.org/10.1890/120312$3Available from publisher's site
=912  \\$aArticle
=914  \\$aJournal:23083$b1540-9295$c11$d9$e483
=914  \\$fFrontiers in ecology and the environment
=916  \\$aBatch:1395
=917  \\$aissued
=918  2\$aJohn Wiley & Sons, Inc$eprovider$5DNAL
=935  \\$aIND604815340$9ExL
=949  \\$a2019-06-18
=953  \\$a15409295_2013_11_9.xml
=956  \\$aARIS submission$bhttps://submit.nal.usda.gov/system/files/submissions/2205.pdf
=956  \\$aARIS submission$bhttps://submit.nal.usda.gov/system/files/submissions/2205_0.pdf
=961  \\$aUSDA
=962  \\$aBatch:1395 reviewed on 2016-08-18T11:00:02Z
=962  \\$aUSDA Scientist Submission
=974  \\$aagid:4815340
=983  \\$a2016-02-05
=984  \\$a2019-06-18
=986  \\$ans16397

