=LDR  05355nab a2200781 u 4500
=001  9915746474607426
=005  20221120203504.0
=008  180619e201802\\xx\|||||o|||||||||||eng||
=016  7\$aIND605892548$2DNAL
=024  7\$a10.1007/s00468-017-1587-6$2doi
=035  \\$aagid:5892548-01nal_inst
=040  \\$aAGL$beng$cAGL
=100  1\$aBegum, Shahanara$eauthor$uFaculty of Agriculture, Tokyo University of Agriculture and Technology, Fuchu, Tokyo, 183-8509, Japan
=245  10$aClimate change and the regulation of wood formation in trees by temperature
=300  \\$ap. 3-15.
=500  \\$aReview
=520  \\$aKEY MESSAGE : A better understanding of the influence of environmental conditions on wood formation should help to improve the radial growth of trees and to prepare for climate change. The cambial activity of trees is associated with seasonal cycles of activity and dormancy in temperate zones. The timing of cambial reactivation in early spring and dormancy in autumn plays an important role in determination of the cambial growth and the environmental adaptivity of temperate trees. This review focuses on the temperature regulation of the timing of cambial reactivation and xylem differentiation and highlights recent advances of bud growth in relation to cambial activity of temperate trees. In addition, we discuss relationships between the timing of cambial reactivation, start of xylem differentiation and changes in levels of storage materials to identify the source of the energy required for cell division and differentiation. We also present a summary of current understanding of the effects of rapid increases and decreases in temperature on cambial activity, by localized heating and cooling, respectively. Increases in temperature from late winter to early spring influence the physiological processes that are involved in the initiation of cambial reactivation and xylem differentiation both in localized heated stems and under natural conditions. Localized cooling has a direct effect on cell expansion, the thickening of walls of differentiating tracheids, and the rate of division of cambial cells. A rapid decrease in temperature of the stem might be the critical factor in the control of latewood formation and the cessation of cambial activity. Therefore, temperature is the main driver of cambial activity in temperate trees and trees are able to feel changes in temperature through the stem. The climate change might affect wood formation in trees.
=592  \\$aPublisher supplied data
=593  \\$aPubAg article
=650  \3$aautumn
=650  \3$acambium
=650  \3$acell division
=650  \3$aclimate change
=650  \3$acooling
=650  \3$adormancy
=650  \3$aenergy
=650  \3$aenvironmental factors
=650  \3$aheat
=650  \3$alatewood
=650  \3$aseasonal variation
=650  \3$aspring
=650  \3$astems
=650  \3$atemperate zones
=650  \3$atemperature
=650  \3$atracheids
=650  \3$atrees
=650  \3$awinter
=650  \3$awood
=700  1\$aKudo, Kayo$eauthor$uFaculty of Agriculture, Tokyo University of Agriculture and Technology, Fuchu, Tokyo, 183-8509, Japan
=700  1\$aRahman, MdHasnat$eauthor$uFaculty of Agriculture, Tokyo University of Agriculture and Technology, Fuchu, Tokyo, 183-8509, Japan
=700  1\$aNakaba, Satoshi$eauthor$uFaculty of Agriculture, Tokyo University of Agriculture and Technology, Fuchu, Tokyo, 183-8509, Japan
=700  1\$aYamagishi, Yusuke$eauthor$uFaculty of Agriculture, Tokyo University of Agriculture and Technology, Fuchu, Tokyo, 183-8509, Japan
=700  1\$aNabeshima, Eri$eauthor$uFaculty of Agriculture, Tokyo University of Agriculture and Technology, Fuchu, Tokyo, 183-8509, Japan
=700  1\$aNugroho, WidyantoDwi$eauthor$uFaculty of Agriculture, Tokyo University of Agriculture and Technology, Fuchu, Tokyo, 183-8509, Japan
=700  1\$aOribe, Yuichiro$eauthor$uTohoku Regional Breeding Office, Forest Tree Breeding Center, Forestry and Forest Products Research Institute, Takizawa, Iwate, 020-0173, Japan
=700  1\$aKitin, Peter$eauthor$uForest Products Laboratory, USDA Forest Service, One Gifford Pinchot Drive, Madison, WI, 53726, USA
=700  1\$aJin, Hyun-O$eauthor$uCollege of Life Sciences, Kyung Hee University, Yongin, 446-701, Korea
=700  1\$aFunada, Ryo$eauthor$uFaculty of Agriculture, Tokyo University of Agriculture and Technology, Fuchu, Tokyo, 183-8509, Japan. funada@cc.tuat.ac.jp
=773  0\$tTrees.$g2018 Feb., v. 32, no. 1 p.3-15$dSpringer Berlin Heidelberg$wJournal:jnl43090$x0931-1890$7nnas
=787  1\$oislandora_article_repository
=787  1\$oproduct_pubag
=787  1\$o(Journal)jnl43090
=856  40$uhttps://dx.doi.org/10.1007/s00468-017-1587-6$3Available from publisher's site
=912  \\$aArticle
=914  \\$aJournal:jnl43090$b0931-1890$c32$d1$e3
=914  \\$fTrees
=916  \\$aBatch:1974
=917  \\$aissued
=918  2\$aSpringer$eprovider$5DNAL
=935  \\$aIND605892548$9ExL
=949  \\$a2018-06-19
=953  \\$a/data/metadata/incoming/springer/ftp_PUB_18-02-08_06-19-37.zip
=954  \\$afile:/data/metadata/staging/springer/00468-32-1.xml
=955  \\$a/data/metadata/staging/springer/
=961  \\$aUSDA/FS
=974  \\$aagid:5892548
=983  \\$a2018-06-19
=984  \\$a2018-06-19

