=LDR  02361nab a2200733 u 4500
=001  9915747780107426
=005  20221121041116.0
=008  080205|xx\|||||||||||||||||eng||
=016  7\$aIND44010559$2DNAL
=024  7\$a10113/16135$2hdl
=035  \\$aagid:16135-01nal_inst
=040  \\$aAGL$beng$cAGL
=072  \0$aJ400
=072  \0$aX620
=072  \0$aX200
=072  \0$aJ200
=100  1\$aVenteris, E.R.
=245  13$aAn assessment of the potential use of SRTM DEMs in terrain analysis for the efficient mapping of soils in the drylands region of Kazakhstan
=500  \\$aIncludes references
=500  \\$a2019-12-04
=593  \\$aPubAg article
=594  \\$aEmbargoed article
=650  \3$adigital elevation models
=650  \3$asoil organic carbon
=650  \3$aarid lands
=650  \3$asoil properties
=650  \3$ageographic information systems
=650  \3$asoil surveys
=650  \3$aspatial data
=650  \3$acomputer analysis
=650  \3$aremote sensing
=650  \3$acomputer software
=650  \3$aInternet
=650  \3$alandscape position
=651  \3$aKazakhstan
=653  \0$aterrain data
=653  \0$atopography
=653  \0$asoil
=653  \0$amethodology
=653  \0$anew methods
=653  \0$aterrain analysis
=700  1\$aPachikin, K.M.
=700  1\$aMcCarty, G.W.
=700  1\$aDoraiswamy, P.C.
=773  0\$tClimate change and terrestrial carbon sequestration in Central Asia /  editors, R. Lal ... [et al.].$dTaylor & Francis c2007.$7nnas
=787  1\$oproduct_pubag
=787  1\$oislandora_article_repository
=852  \\$aDNAL
=856  40$uhttps://handle.nal.usda.gov/10113/16135$3Available in the National Agricultural Library PubAg search system
=912  \\$aArticle
=914  \\$fClimate change and terrestrial carbon sequestration in Central Asia /  editors, R. Lal ... [et al.]
=917  \\$aissued
=930  \\$a20080619$b20080704$c00000000
=935  \\$aIND44010559$9ExL
=945  \\$aIND$dLYN$e2008/02/11
=946  \\$aNon-US
=949  \\$a2014-07-17
=952  \\$a20080619 20080704 00000000$bIND LYN 2008/02/11
=961  \\$aUSDA/ARS
=974  \\$aagid:16135
=979  \\$aMissing Issue date
=984  \\$a2010-07-08
=985  \\$aConverted from MARCXML to MODS version 3.4 using MARC21slim2MODS3-4.xsl (Revision 1.95 2014/04/23)
=986  \\$a4010559

