=LDR  05022nab a2200973 u 4500
=001  9915748336807426
=005  20221122053527.0
=008  050517e200409\\xx\|||||o|||||||||||eng||
=016  7\$aIND43702591$2DNAL
=024  7\$a10.1111/j.1365-2486.2004.00822.x$2doi
=024  7\$a10113/40774$2hdl
=035  \\$aagid:40774-01nal_inst
=040  \\$aAGL$beng$cAGL
=072  \0$aF300
=072  \0$aK001
=072  \0$aX620
=072  \0$aB200
=072  \0$aX100
=072  \0$aJ200
=072  \0$aK810
=100  1\$aLaw, B.E.
=245  10$aDisturbance and climate effects on carbon stocks and fluxes across Western Oregon USA
=300  \\$ap. 1429-1444.
=500  \\$aIncludes references
=500  \\$a2019-12-05
=520  \\$aWe used a spatially nested hierarchy of field and remote-sensing observations and a process model, Biome-BGC, to produce a carbon budget for the forested region of Oregon, and to determine the relative influence of differences in climate and disturbance among the ecoregions on carbon stocks and fluxes. The simulations suggest that annual net uptake (net ecosystem production (NEP)) for the whole forested region (8.2 million hectares) was 13.8 Tg C (168 g C m-2 yr-1), with the highest mean uptake in the Coast Range ecoregion (226 g C m-2 yr-1), and the lowest mean NEP in the East Cascades (EC) ecoregion (88 g C m-2 yr-1). Carbon stocks totaled 2765 Tg C (33 700 g C m-2), with wide variability among ecoregions in the mean stock and in the partitioning above- and belowground. The flux of carbon from the land to the atmosphere that is driven by wildfire was relatively low during the late 1990s (approximately 0.1 Tg C yr-1), however, wildfires in 2002 generated a much larger C source (approximately 4.1 Tg C). Annual harvest removals from the study area over the period 1995-2000 were approximately 5.5 Tg C yr-1. The removals were disproportionately from the Coast Range, which is heavily managed for timber production (approximately 50% of all of Oregon's forest land has been managed for timber in the past 5 years). The estimate for the annual increase in C stored in long-lived forest products and land fills was 1.4 Tg C yr-1. Net biome production (NBP) on the land, the net effect of NEP, harvest removals, and wildfire emissions indicates that the study area was a sink (8.2 Tg C yr-1). NBP of the study area, which is the more heavily forested half of the state, compensated for approximately 52% of Oregon's fossil carbon dioxide emissions of 15.6 Tg C yr-1 in 2000. The Biscuit Fire in 2002 reduced NBP dramatically, exacerbating net emissions that year. The regional total reflects the strong east-west gradient in potential productivity associated with the climatic gradient, and a disturbance regime that has been dominated in recent decades by commercial forestry.
=593  \\$aPubAg article
=593  \\$cUSDA submission
=650  \3$aprimary productivity
=650  \3$asoil organic carbon
=650  \3$aleaf area index
=650  \3$avegetation cover
=650  \3$acarbon sequestration
=650  \3$aremote sensing
=650  \3$asource-sink relationships
=650  \3$aconiferous forests
=650  \3$aforest stands
=650  \3$aforest fires
=650  \3$asimulation models
=650  \3$aclimate change
=650  \3$aspatial data
=650  \3$aspatial variation
=650  \3$aclimatic factors
=650  \3$aecoregions
=650  \3$aage structure
=650  \3$aglobal carbon budget
=650  \3$adata analysis
=651  \3$aCascade Mountain region
=651  \3$aOregon
=653  \0$aBiome-BGC model
=653  \0$aKlamath mountains (Oregon)
=653  \0$abiogeochemical cycles
=653  \0$aCoast Range (Oregon)
=653  \0$amicrometeorology
=653  \0$aBisquit Fire (Oregon)
=700  1\$aTurner, D.
=700  1\$aCampbell, J.
=700  1\$aSun, O.J.
=700  1\$aVan Tuyl, S.
=700  1\$aRitts, W.D.
=700  1\$aCohen, W.B.
=773  0\$tGlobal change biology.$g2004 Sept., v.  10, no.  9 p.1429-1444$x1354-1013$7nnas
=787  1\$oproduct_pubag
=787  1\$oislandora_article_repository
=787  1\$oislandora_pubag_with_text
=787  1\$o(Journal)jnl57021
=852  \\$aDNAL
=856  40$uhttp://dx.doi.org/10.1111/j.1365-2486.2004.00822.x$3Available from publisher's Web site
=856  40$uhttps://handle.nal.usda.gov/10113/40774$3Available in the National Agricultural Library PubAg search system
=912  \\$aArticle
=914  \\$aJournal:jnl57021$b1354-1013$c10$d9$e1429
=914  \\$fGlobal change biology
=917  \\$aissued
=930  \\$a20100423$b20100501$c00000000
=935  \\$aIND43702591$9ExL
=945  \\$aIND$dLYN$e2010/04/23
=946  \\$aNon-US
=949  \\$a2014-07-17
=952  \\$a20100423 20100501 00000000$bIND LYN 2010/04/23
=961  \\$aUSDA/FS
=974  \\$aagid:40774
=984  \\$a2011-03-19
=985  \\$aConverted from MARCXML to MODS version 3.4 using MARC21slim2MODS3-4.xsl (Revision 1.95 2014/04/23)
=986  \\$a3702591

