=LDR  04305nab a2200853 u 4500
=001  9915748338107426
=005  20221122053310.0
=008  050517e200410\\xx\|||||o|||||||||||eng||
=016  7\$aIND43702563$2DNAL
=024  7\$a10.1111/j.1365-2486.2004.00826.x$2doi
=024  7\$a10113/40773$2hdl
=035  \\$aagid:40773-01nal_inst
=040  \\$aAGL$beng$cAGL
=072  \0$aF300
=072  \0$aB200
=072  \0$aK250
=072  \0$aX100
=100  1\$aWilmking, M.
=245  10$aRecent climate warming forces contrasting growth responses of white spruce at treeline in Alaska through temperature thresholds
=300  \\$ap. 1724-1736.
=500  \\$aIncludes references
=500  \\$a2019-12-05
=520  \\$aNorthern and high-latitude alpine treelines are generally thought to be limited by available warmth. Most studies of tree-growth-climate interaction at treeline as well as climate reconstructions using dendrochronology report positive growth response of treeline trees to warmer temperatures. However, population-wide responses of treeline trees to climate remain largely unexamined. We systematically sampled 1558 white spruce at 13 treeline sites in the Brooks Range and Alaska Range. Our findings of both positive and negative growth responses to climate warming at treeline challenge the widespread assumption that arctic treeline trees grow better with warming climate. High mean temperatures in July decreased the growth of 40% of white spruce at treeline areas in Alaska, whereas warm springs enhance growth of additional 36% of trees and 24% show no significant correlation with climate. Even though these opposing growth responses are present in all sampled sites, their relative proportion varies between sites and there is no overall clear relationship between growth response and landscape position within a site. Growth increases and decreases appear in our sample above specific temperature index values (temperature thresholds), which occurred more frequently in the late 20th century. Contrary to previous findings, temperature explained more variability in radial growth after 1950. Without accounting for these opposite responses and temperature thresholds, climate reconstructions based on ring width will miscalibrate past climate, and biogeochemical and dynamic vegetation models will overestimate carbon uptake and treeline advance under future warming scenarios.
=593  \\$aPubAg article
=593  \\$cUSDA submission
=650  \3$aboreal forests
=650  \3$acluster analysis
=650  \3$acarbon sequestration
=650  \3$aPicea glauca
=650  \3$aglobal warming
=650  \3$atreeline
=650  \3$adendrochronology
=650  \3$aaltitude
=650  \3$apopulation dynamics
=650  \3$acorrelation
=650  \3$amontane forests
=650  \3$aforest trees
=650  \3$atemperature
=650  \3$aclimatic factors
=650  \3$aprediction
=650  \3$atree growth
=650  \3$agrowth rings
=650  \3$alatitude
=650  \3$alandscape position
=651  \3$aAlaska
=653  \0$apopulation ecology
=653  \0$aclimate change
=653  \0$aradial growth
=700  1\$aJuday, G.P.
=700  1\$aBarber, V.A.
=700  1\$aZald, H.S.J.
=773  0\$tGlobal change biology.$g2004 Oct., v.  10, no.  10 p.1724-1736$x1354-1013$7nnas
=787  1\$oproduct_pubag
=787  1\$oislandora_article_repository
=787  1\$oislandora_pubag_with_text
=787  1\$o(Journal)jnl57021
=852  \\$aDNAL
=856  40$uhttp://dx.doi.org/10.1111/j.1365-2486.2004.00826.x$3Available from publisher's Web site
=856  40$uhttps://handle.nal.usda.gov/10113/40773$3Available in the National Agricultural Library PubAg search system
=912  \\$aArticle
=914  \\$aJournal:jnl57021$b1354-1013$c10$d10$e1724
=914  \\$fGlobal change biology
=917  \\$aissued
=930  \\$a20100423$b20100501$c00000000
=935  \\$aIND43702563$9ExL
=945  \\$aIND$dLYN$e2010/04/23
=946  \\$aNon-US
=949  \\$a2014-07-17
=952  \\$a20100423 20100501 00000000$bIND LYN 2010/04/23
=961  \\$aUSDA/FS
=974  \\$aagid:40773
=984  \\$a2010-05-01
=985  \\$aConverted from MARCXML to MODS version 3.4 using MARC21slim2MODS3-4.xsl (Revision 1.95 2014/04/23)
=986  \\$a3702563

