=LDR  03288nab a2200745 u 4500
=001  9915748963107426
=005  20221120112233.0
=008  080606e200807\\xx\|||||o|||||||||||eng||
=016  7\$aIND44064374$2DNAL
=024  7\$a10.1111/j.1365-2486.2008.01605.x$2doi
=024  7\$a10113/40979$2hdl
=035  \\$aagid:40979-01nal_inst
=040  \\$aAGL$beng$cAGL
=072  \0$aB200
=072  \0$aJ100
=072  \0$aF600
=072  \0$aJ200
=072  \0$aF300
=100  1\$aFay, Philip A.
=245  10$aChanges in grassland ecosystem function due to extreme rainfall events: implications for responses to climate change
=300  \\$ap. 1600-1608.
=500  \\$aIncludes references
=520  \\$aClimate change is causing measurable changes in rainfall patterns, and will likely cause increases in extreme rainfall events, with uncertain implications for key processes in ecosystem function and carbon cycling. We examined how variation in rainfall total quantity (Q), the interval between rainfall events (I), and individual event size (SE) affected soil water content (SWC) and three aspects of ecosystem function: leaf photosynthetic carbon gain ( [graphic removed] ), aboveground net primary productivity (ANPP), and soil respiration ( [graphic removed] ). We utilized rainout shelter-covered mesocosms (2.6 m³) containing assemblages of tallgrass prairie grasses and forbs. These were hand watered with 16 IxQ treatment combinations, using event sizes from 4 to 53 mm. Increasing Q by 250% (400-1000 mm yr⁻¹) increased mean soil moisture and all three processes as expected, but only by 20-55% (P
=593  \\$aPubAg article
=593  \\$cUSDA submission
=650  \3$aclimate change
=650  \3$arain
=650  \3$agrasslands
=650  \3$aecosystems
=650  \3$aecological function
=650  \3$asoil water content
=650  \3$aphotosynthesis
=650  \3$aprimary productivity
=650  \3$asoil respiration
=650  \3$acarbon dioxide
=650  \3$agas emissions
=650  \3$abiomass
=651  \3$aKansas
=700  1\$aKaufman, Dawn M.
=700  1\$aNippert, Jesse B.
=700  1\$aCarlisle, Jonathan D.
=700  1\$aHarper, Christopher W.
=773  0\$tGlobal change biology.$g2008 July, v.  14, no.  7 p.1600-1608$dBlackwell Publishing Ltd$x1354-1013$7nnas
=787  1\$oproduct_pubag
=787  1\$oislandora_article_repository
=787  1\$oislandora_pubag_with_text
=787  1\$o(Journal)jnl57021
=852  \\$aDNAL
=856  40$uhttp://dx.doi.org/10.1111/j.1365-2486.2008.01605.x$3Available from publisher's Web site
=856  40$uhttps://handle.nal.usda.gov/10113/40979$3Available in the National Agricultural Library PubAg search system
=912  \\$aArticle
=914  \\$aJournal:jnl57021$b1354-1013$c14$d7$e1600
=914  \\$fGlobal change biology
=917  \\$aissued
=930  \\$a20100428$b20100501$c00000000
=935  \\$aIND44064374$9ExL
=945  \\$aIND$dGAY$e2010/04/28
=946  \\$aNon-US
=949  \\$a2014-07-17
=952  \\$a20100428 20100501 00000000$bIND GAY 2010/04/28
=961  \\$aUSDA/ARS
=974  \\$aagid:40979
=984  \\$a2010-05-01
=985  \\$aConverted from MARCXML to MODS version 3.4 using MARC21slim2MODS3-4.xsl (Revision 1.95 2014/04/23)
=986  \\$a4064374

