=LDR  03821nab a2200649 u 4500
=001  9915748993107426
=005  20221120131746.0
=008  080606e200807\\xx\|||||o|||||||||||eng||
=016  7\$aIND44064378$2DNAL
=024  7\$a10.1111/j.1365-2486.2008.01594.x$2doi
=024  7\$a10113/40976$2hdl
=035  \\$aagid:40976-01nal_inst
=040  \\$aAGL$beng$cAGL
=072  \0$aB200
=072  \0$aF120
=072  \0$aF600
=100  1\$aAinsworth, Elizabeth A.
=245  10$aRice production in a changing climate: a meta-analysis of responses to elevated carbon dioxide and elevated ozone concentration
=300  \\$ap. 1642-1650.
=500  \\$aIncludes references
=520  \\$aRice is arguably the most important food source on the planet and is consumed by over half of the world's population. Considerable increases in yield are required over this century to continue feeding the world's growing population. This meta-analysis synthesizes the research to date on rice responses to two elements of global change, rising atmospheric carbon dioxide concentration ([CO₂]) and rising tropospheric ozone concentration ([O₃]). On an average, elevated [CO₂] (627 ppm) increased rice yields by 23%. Modest increases in grain mass and larger increases in panicle and grain number contributed to this response. The response of rice to elevated [CO₂] varied with fumigation technique. The more closely the fumigation conditions mimicked field conditions, the smaller was the stimulation of yield by elevated [CO₂]. Free air concentration enrichment (FACE) experiments showed only a 12% increase in rice yield. The rise in atmospheric [CO₂] will be accompanied by increases in tropospheric O₃ and temperature. When compared with rice grown in charcoal-filtered air, rice exposed to 62 ppb O₃ showed a 14% decrease in yield. Many determinants of yield, including photosynthesis, biomass, leaf area index, grain number and grain mass, were reduced by elevated [O₃]. While there have been too few studies of the interaction of CO₂ and O₃ for meta-analysis, the interaction of temperature and CO₂ has been studied more widely. Elevated temperature treatments negated any enhancement in rice yield at elevated [CO₂], which suggests that identifying high temperature tolerant germplasm will be key to realizing yield benefits in the future.
=593  \\$aPubAg article
=593  \\$cUSDA submission
=650  \3$aclimate change
=650  \3$acarbon dioxide
=650  \3$aozone
=650  \3$aelevated atmospheric gases
=650  \3$aOryza sativa
=650  \3$arice
=650  \3$agrain yield
=650  \3$abiomass
=650  \3$aphotosynthesis
=650  \3$aleaf area index
=650  \3$ameta-analysis
=773  0\$tGlobal change biology.$g2008 July, v.  14, no.  7 p.1642-1650$dBlackwell Publishing Ltd$x1354-1013$7nnas
=787  1\$oproduct_pubag
=787  1\$oislandora_article_repository
=787  1\$oislandora_pubag_with_text
=787  1\$o(Journal)jnl57021
=852  \\$aDNAL
=856  40$uhttp://dx.doi.org/10.1111/j.1365-2486.2008.01594.x$3Available from publisher's Web site
=856  40$uhttps://handle.nal.usda.gov/10113/40976$3Available in the National Agricultural Library PubAg search system
=912  \\$aArticle
=914  \\$aJournal:jnl57021$b1354-1013$c14$d7$e1642
=914  \\$fGlobal change biology
=917  \\$aissued
=930  \\$a20100428$b20100501$c00000000
=935  \\$aIND44064378$9ExL
=945  \\$aIND$dGAY$e2010/04/28
=946  \\$aNon-US
=949  \\$a2014-07-17
=952  \\$a20100428 20100501 00000000$bIND GAY 2010/04/28
=961  \\$aUSDA/ARS
=974  \\$aagid:40976
=984  \\$a2010-05-01
=985  \\$aConverted from MARCXML to MODS version 3.4 using MARC21slim2MODS3-4.xsl (Revision 1.95 2014/04/23)
=986  \\$a4064378

