=LDR  04315nab a2200745 u 4500
=001  9915749395407426
=005  20221120121721.0
=008  110926e201107\\xx\|||||o|||||||||||eng||
=016  7\$aIND44618494$2DNAL
=024  7\$a10.2489/jswc.66.4.276$2doi
=024  7\$a10113/50400$2hdl
=035  \\$aagid:50400-01nal_inst
=040  \\$aAGL$beng$cAGL
=072  \0$aB200
=072  \0$aJ800
=072  \0$aJ710
=072  \0$aF100
=100  1\$aLal, R.
=245  10$aManagement to mitigate and adapt to climate change
=300  \\$ap. 276-285.
=500  \\$aIncludes references
=520  \\$aManagement decisions both at the field and off-site have the potential to contribute to climate change mitigation and adaptation. Climate change threatens to increase the potential for soil erosion, reduce soil quality, lower agricultural productivity and negatively impact food security and global sustainability, making it one of the most severe challenges we will face in the 21st century. This paper looks at the potential of management to help us, not only mitigate climate change, but also to help us adapt to a changing climate. Different aspects of carbon management, nitrogen management, manure management, management in low-input systems (sustainable agriculture), and grazing land management are discussed as examples. Management decisions regarding conservation practices, such as no-till, conservation agriculture, and returning crop residue to the field to increase nutrient cycling, can contribute to carbon sequestration and help us mitigate and adapt to climate change. Additionally, management of grasslands, restoration of degraded/desertified lands, nitrogen management to reduce greenhouse gas emissions, precision conservation management at a field and/or watershed level, and other management alternatives can also help us mitigate and/or adapt to climate change. Management for climate change mitigation and adaptation is key for environmental conservation, sustainability of cropping systems, soil and water quality, and food security. This paper suggests, based on a review of the literature, that management decisions that reduce soil erosion, increase carbon sequestration to improve soil functions, soil quality, and soil health, and contribute to the resilience of soils and cropping systems will be needed to respond to climate change and related challenges such as food security. Our review suggests that without management decisions that increase soil and water conservation, food security for the world's growing population will be harder to achieve.
=593  \\$aPubAg article
=593  \\$cUSDA submission
=650  \3$aclimate change
=650  \3$adecision making
=650  \3$adecision support systems
=650  \3$asoil management
=650  \3$acarbon sequestration
=650  \3$asoil conservation
=650  \3$awater conservation
=650  \3$agrazing lands
=650  \3$aland management
=650  \3$aanimal manure management
=650  \3$acropping systems
=650  \3$asustainable agriculture
=653  \0$aliterature reviews
=700  1\$aDelgado, J.A.
=700  1\$aGroffman, P.M.
=700  1\$aMillar, N.
=700  1\$aDell, C.
=700  1\$aRotz, A.
=773  0\$tJournal of soil and water conservation.$g2011 , v.  66, no.  4 p.276-285$wJournal:1947$x0022-4561$7nnas
=787  1\$oproduct_pubag
=787  1\$oislandora_article_repository
=787  1\$oislandora_pubag_with_text
=787  1\$o(Journal)1947
=852  \\$aDNAL
=856  40$uhttp://dx.doi.org/10.2489/jswc.66.4.276$3Available from publisher's Web site
=856  40$uhttps://handle.nal.usda.gov/10113/50400$3Available in the National Agricultural Library PubAg search system
=912  \\$aArticle
=914  \\$aJournal:1947$b0022-4561$c66$d4$e276
=914  \\$fJournal of soil and water conservation
=917  \\$aissued
=930  \\$a20111006$b20111104$c00000000
=935  \\$aIND44618494$9ExL
=945  \\$aIND$dGAY$e2011/10/06
=946  \\$aOther US
=949  \\$a2014-07-17
=952  \\$a20111006 20111104 00000000$bIND GAY 2011/10/06
=961  \\$aUSDA/ARS
=974  \\$aagid:50400
=984  \\$a2012-06-07
=985  \\$aConverted from MARCXML to MODS version 3.4 using MARC21slim2MODS3-4.xsl (Revision 1.95 2014/04/23)
=986  \\$a4618494

