=LDR  03652nab a2200733 u 4500
=001  9915751265107426
=005  20221207080616.0
=008  180226e201702\\xx\|||||o|||||||||||eng||
=016  7\$aIND605897804$2DNAL
=024  7\$a10.1002/fee.1445$2chorus
=024  7\$a10.1002/fee.1445$2doi
=024  7\$a10.1002/fee.1445$2chorusOpen
=035  \\$aagid:5897804-01nal_inst
=040  \\$aAGL$beng$cAGL
=100  1\$aBradford, John B$eauthor$uSouthwest Biological Science Center, US Geological Survey (USGS), Flagstaff, AZ
=245  12$aA window of opportunity for climate‐change adaptation: easing tree mortality by reducing forest basal area
=300  \\$ap. 11-17.
=500  \\$aJOURNAL ARTICLE
=500  \\$a2019-12-06
=506  \\$aResource is Open Access
=506  \\$aWiley License Information
=520  \\$aIncreasing aridity as a result of climate change is expected to exacerbate tree mortality. Reducing forest basal area - the cross‐sectional area of tree stems within a given ground area - can decrease tree competition, which may reduce drought‐induced tree mortality. However, neither the magnitude of expected mortality increases, nor the potential effectiveness of basal area reduction, has been quantified in dryland forests such as those of the drought‐prone Southwest US. We used thousands of repeatedly measured forest plots to show that unusually warm and dry conditions are related to high tree mortality rates and that mortality is positively related to basal area. Those relationships suggest that while increasing high temperature extremes forecasted by climate models may lead to elevated tree mortality during the 21st century, future tree mortality might be partly ameliorated by reducing stand basal area. This adaptive forest management strategy may provide a window of opportunity for forest managers and policy makers to guide forest transitions to species and/or genotypes more suited to future climates.
=592  \\$aPublisher supplied data
=593  \\$aPubAg article
=596  \\$cNSF$dhttps://doi.org/10.13039/100000001
=596  \\$cUSDA$dhttps://doi.org/10.13039/100000199
=506  0\$fUnrestricted online access$2star
=650  \3$astems
=650  \3$aarid lands
=650  \3$adry environmental conditions
=650  \3$aclimate change
=650  \3$aforest management
=650  \3$atrees
=650  \3$agenotype
=650  \3$aclimate models
=650  \3$atemperature
=650  \3$astand basal area
=650  \3$atree mortality
=650  \3$amortality
=650  \3$aclimate
=650  \3$aforests
=651  \3$aSouthwestern United States
=653  \0$abasal area
=700  1\$aBell, David M$eauthor$uPacific Northwest Research Station, US Department of Agriculture (USDA) Forest Service, Corvallis, OR
=773  0\$tFrontiers in ecology and the environment.$g2017 Feb., v. 15, no. 1 p.11-17$dJohn Wiley & Sons, Ltd$wJournal:23083$x1540-9295$7nnas
=787  1\$oislandora_article_repository
=787  1\$oproduct_pubag
=787  1\$o(Journal)23083
=856  40$uhttp://dx.doi.org/10.1002/fee.1445$3Available from publisher's site
=903  \\$aVersion of Record
=912  \\$aArticle
=914  \\$aJournal:23083$b1540-9295$c15$d1$e11
=914  \\$fFrontiers in ecology and the environment
=916  \\$aBatch:1933
=917  \\$aissued
=918  2\$aJohn Wiley & Sons, Inc$eprovider$5DNAL
=935  \\$aIND605897804$9ExL
=949  \\$a2018-05-11
=953  \\$a15409295_2017_15_1.xml
=961  \\$aUSDA/FS
=962  \\$aBatch:1933 reviewed on 2018-05-11T04:00:02Z
=974  \\$aagid:5897804
=983  \\$a2018-02-26
=984  \\$a2019-09-26

