=LDR  05420nab a2200961 u 4500
=001  9915752836307426
=005  20221207085902.0
=008  190318e20160215xx\|||||o|||||||||||eng||
=016  7\$aIND605254557$2DNAL
=024  7\$a10.1016/j.agee.2015.11.011$2chorus
=024  7\$a10.1016/j.agee.2015.11.011$2doi
=024  7\$a10.1016/j.agee.2015.11.011$2chorusOpen
=035  \\$aagid:5254557-01nal_inst
=040  \\$aAGL$beng$cAGL
=100  1\$aBasche, Andrea D.$eauthor$uDepartment of Agronomy, Iowa State University, Agronomy Hall, Ames, IA 50011, United States
=245  10$aSimulating long-term impacts of cover crops and climate change on crop production and environmental outcomes in the Midwestern United States
=300  \\$ap. 95-106.
=506  \\$aResource is Open Access
=506  \\$aElsevier BV License Information
=506  \\$aResource is Open Access$uhttp://purl.org/eprint/accessRights/OpenAccess
=506  \\$aCHORUS License Information
=520  \\$aIt is critical to evaluate conservation practices that protect soil and water resources from climate change in the Midwestern United States, a region that produces one-quarter of the world's soybeans and one-third of the world's maize. An over-winter cover crop in a maize-soybean rotation offers multiple potential benefits that can reduce the impacts of higher temperatures and more variable rainfall; some of the anticipated changes for the Midwest. In this experiment we used the Agricultural Production Systems sIMulator (APSIM) to understand how winter rye cover crops impact crop production and environmental outcomes, given future climate change. We first tested APSIM with data from a long-term maize-soybean rotation with and without winter rye cover crop field site. Our modeling work predicted that the winter rye cover crop has a neutral effect on maize and soybean yields over the 45 year simulation period but increases in minimum and maximum temperatures were associated with reduced yields of 1.6-2.7% by decade. Soil carbon decreased in both the cover crop and no cover crop simulations, although the cover crop is able to significantly offset (3% less loss over 45 years) this decline compared to the no cover crop simulation. Our predictions showed that the cover crop led to an 11-29% reduction in erosion and up to a 34% decrease in nitrous oxide emissions (N2O). However, the cover crop is unable to offset future predicted yield declines and does not increase the overall carbon balance relative to current soil conditions.
=592  \\$aPublisher supplied data
=593  \\$aPubAg article
=596  \\$cLeopold Center for Sustainable Agriculture$dhttps://doi.org/10.13039/100015824
=596  \\$cNational Institute of Food and Agriculture$dhttps://doi.org/10.13039/100005825
=596  \\$cNSF$dhttps://doi.org/10.13039/100000001
=506  0\$fUnrestricted online access$2star
=650  \3$acarbon
=650  \3$aclimate change
=650  \3$aconservation practices
=650  \3$acorn
=650  \3$acover crops
=650  \3$acrop yield
=650  \3$aemissions
=650  \3$afield crops
=650  \3$afields
=650  \3$amodels
=650  \3$anitrous oxide
=650  \3$aprediction
=650  \3$aproduction technology
=650  \3$arain
=650  \3$arye
=650  \3$asoil water
=650  \3$asoybeans
=650  \3$atemperature
=650  \3$awater resources
=651  \3$aMidwestern United States
=653  \0$aClimate change
=653  \0$aCereal rye cover crop
=653  \0$aMaize
=653  \0$aSoybean
=653  \0$aGreenhouse gas
=653  \0$aSoil carbon
=653  \0$aSoil erosion
=653  \0$aAPSIM
=653  \0$aMidwest United States
=700  1\$aArchontoulis, Sotirios V.$eauthor$uDepartment of Agronomy, Iowa State University, Agronomy Hall, Ames, IA 50011, United States
=700  1\$aKaspar, Thomas C.$eauthor$uNational Laboratory for Agriculture and the Environment, USDA-ARS, 2150 Pammel Drive, Ames, IA 50014, United States
=700  1\$aJaynes, Dan B.$eauthor$uNational Laboratory for Agriculture and the Environment, USDA-ARS, 2150 Pammel Drive, Ames, IA 50014, United States
=700  1\$aParkin, Timothy B.$eauthor$uNational Laboratory for Agriculture and the Environment, USDA-ARS, 2150 Pammel Drive, Ames, IA 50014, United States
=700  1\$aMiguez, Fernando E.$eauthor$uDepartment of Agronomy, Iowa State University, Agronomy Hall, Ames, IA 50011, United States
=773  0\$tAgriculture, ecosystems & environment.$g2016 Feb. 15, v. 218 p.95-106$dElsevier B.V.$aZ$wJournal:jnl34709$x0167-8809$7nnas
=787  1\$oislandora_article_repository
=787  1\$oproduct_pubag
=787  1\$o(Journal)jnl34709
=856  40$uhttps://dx.doi.org/10.1016/j.agee.2015.11.011$3Available from publisher's site
=903  \\$aAccepted Manuscript
=912  \\$aArticle
=914  \\$aJournal:jnl34709$b0167-8809$c218$e95
=914  \\$fAgriculture, ecosystems & environment
=916  \\$aBatch:1423
=917  \\$aissued
=918  2\$aElsevier Consyn$eprovider$5DNAL
=935  \\$aIND605254557$9ExL
=949  \\$a2020-03-06
=953  \\$a/data/metadata/incoming/consyn/46-2-00031-HEAD-ONLY.zip
=954  \\$afile:/data/metadata/staging/consyn/S0167880915301468.xml
=955  \\$a/data/metadata/staging/consyn/
=961  \\$aUSDA/ARS
=974  \\$aagid:5254557
=983  \\$a2019-03-18
=984  \\$a2022-09-02

