=LDR  06000nab a2200961 u 4500
=001  9915755690107426
=005  20221215143608.0
=008  180904e201704\\xx\|||||o|||||||||||eng||
=016  7\$aIND605640590$2DNAL
=024  7\$a10.1016/j.atmosenv.2017.01.049$2chorus
=024  7\$a10.1016/j.atmosenv.2017.01.049$2doi
=024  7\$a10.1016/j.atmosenv.2017.01.049$2chorusOpen
=035  \\$aagid:5640590-01nal_inst
=040  \\$aAGL$beng$cAGL
=100  1\$aHaynes, Kristine M.$eauthor$uUniversity of Toronto, Department of Geography, Department of Physical and Environmental Sciences, Canada
=245  10$aGaseous mercury fluxes in peatlands and the potential influence of climate change
=300  \\$ap. 247-259.
=506  \\$aResource is Open Access$uhttp://purl.org/eprint/accessRights/OpenAccess
=506  \\$aCHORUS License Information
=520  \\$aClimate change has the potential to significantly impact the stability of large stocks of mercury (Hg) stored in peatland systems due to increasing temperatures, altered water table regimes and subsequent shifts in vascular plant communities. However, the Hg exchange dynamics between the atmosphere and peatlands are not well understood. At the PEATcosm Mesocosm Facility in Houghton, Michigan, total gaseous Hg (TGM) fluxes were monitored in a subset of 1-m³ peat monoliths with altered water table positions (high and low) and vascular plant functional groups (sedge only, Ericaceae only or unmanipulated control) above the Sphagnum moss layer. At the SPRUCE bog in north-central Minnesota, TGM fluxes were measured from plots subjected to deep peat soil warming (up to +9 °C above ambient at a depth of 2 m). At PEATcosm, the strongest depositional trend was observed with the Low WT - sedge only treatment mesocosms with a mean TGM flux of −73.7 ± 6.3 ng m⁻² d⁻¹, likely due to shuttling of Hg to the peat at depth by aerenchymous tissues. The highest total leaf surface and tissue Hg concentrations were observed with the Ericaceae shrubs. A negative correlation between TGM flux and Ericaceae total leaf surface area suggests an influence of shrubs in controlling Hg exchange through stomatal uptake, surface sorption and potentially, peat shading. Surface peat total Hg concentrations are highest in treatments with greatest deposition suggesting deposition controls Hg accumulation in surface peat. Fluxes in the SPRUCE plots ranged from −45.9 ± 93.8 ng m⁻² d⁻¹ prior to the implementation of the deep warming treatments to −1.41 ± 27.1 ng m⁻² d⁻¹ once warming targets were achieved at depth and +10.2 ± 44.6 ng m⁻² d⁻¹ following prolonged deep soil warming. While these intervals did not differ significantly, a significant positive increase in the slope of the regression between flux and surface temperature was observed across the pre-treatment and warming periods. Shifts in vascular vegetation cover and peat warming as a result of climate change may significantly affect the dynamics of TGM fluxes between peatlands and the atmosphere.
=592  \\$aPublisher supplied data
=593  \\$aPubAg article
=596  \\$cNational Science Foundation$dhttps://doi.org/10.13039/100006435
=596  \\$cNatural Sciences and Engineering Research Council of Canada$dhttps://doi.org/10.13039/501100000038
=596  \\$cU.S. Forest Service$dhttps://doi.org/10.13039/100006959
=506  0\$fUnrestricted online access$2star
=650  \3$aEricaceae
=650  \3$aSphagnum
=650  \3$aatmospheric chemistry
=650  \3$aclimate change
=650  \3$aleaves
=650  \3$amercury
=650  \3$amosses and liverworts
=650  \3$apeat
=650  \3$apeat soils
=650  \3$apeatlands
=650  \3$aplant communities
=650  \3$ashade
=650  \3$ashrubs
=650  \3$asoil heating
=650  \3$asorption
=650  \3$asurface area
=650  \3$asurface temperature
=650  \3$atissues
=650  \3$avegetation cover
=650  \3$awater table
=651  \3$aMichigan
=651  \3$aMinnesota
=653  \0$aHg
=653  \0$aTotal gaseous mercury flux
=653  \0$aWetland
=653  \0$aSoil warming
=653  \0$aWater table
=653  \0$aPlant community
=653  \0$aClimate change
=700  1\$aKane, Evan S.$eauthor$uUSDA Forest Service Northern Research Station; Michigan Technological University, School of Forest Resources and Environmental Science, USA$1https://orcid.org/0000-0003-1665-0596
=700  1\$aPotvin, Lynette$eauthor$uUSDA Forest Service Northern Research Station, USA
=700  1\$aLilleskov, Erik A.$eauthor$uUSDA Forest Service Northern Research Station, USA
=700  1\$aKolka, Randall K.$eauthor$uUSDA Forest Service Northern Research Station, USA
=700  1\$aMitchell, Carl P.J.$eauthor$uUniversity of Toronto, Department of Geography, Department of Physical and Environmental Sciences, Canada$1https://orcid.org/0000-0001-8538-5138
=773  0\$tAtmospheric environment.$g2017 Apr., v. 154 p.247-259$dElsevier Ltd$aElsevier Ltd$wJournal:12031$x1352-2310$7nnas
=787  1\$oislandora_article_repository
=787  1\$oproduct_pubag
=787  1\$o(Journal)12031
=856  40$uhttps://dx.doi.org/10.1016/j.atmosenv.2017.01.049$3Available from publisher's site
=856  40$uhttp://handle.nal.usda.gov/10113/5640590
=912  \\$aArticle
=914  \\$aJournal:12031$b1352-2310$c154$e247
=914  \\$fAtmospheric environment
=916  \\$aBatch:1580
=917  \\$aissued
=918  2\$aElsevier Consyn$eprovider$5DNAL
=935  \\$aIND605640590$9ExL
=949  \\$a2020-03-06
=953  \\$a/data/metadata/incoming/consyn/22-2-00071-HEAD-ONLY.zip
=954  \\$afile:/data/metadata/staging/consyn/S1352231017300651.xml
=955  \\$a/data/metadata/staging/consyn/
=961  \\$aUSDA/FSUSDA
=962  \\$aUSDA Scientist Submission; eISSN 1873-2844
=962  \\$aMissing ISSN
=974  \\$aagid:5640590
=983  \\$a2018-09-04
=984  \\$a2022-09-02

