=LDR  05249nab a2200853 u 4500
=001  9915756189407426
=005  20221215142546.0
=008  190620e201810\\xx\|||||o|||||||||||eng||
=016  7\$aIND606037372$2DNAL
=024  7\$a10.1016/j.ecolecon.2018.04.015$2doi
=024  7\$a10.1016/j.ecolecon.2018.04.015$2chorus
=035  \\$aagid:6037372-01nal_inst
=040  \\$aAGL$beng$cAGL
=100  1\$aThompson, Wyatt$eauthor$uAgricultural and Applied Economics Department, University of Missouri, 200 Mumford Hall, Columbia, MO 65211, United States
=245  10$aAutomatic Responses of Crop Stocks and Policies Buffer Climate Change Effects on Crop Markets and Price Volatility
=300  \\$ap. 98-105.
=506  \\$aResource is Open Access$uhttp://purl.org/eprint/accessRights/OpenAccess
=506  \\$aCHORUS License Information
=520  \\$aClimate change has the potential to affect crop prices and price volatility. However, the economic models used in prior assessments largely do not include known, automatic, stabilizing factors. Crop storage can stabilize prices and U.S. crop policy tends to provide support that moves opposite prices. We quantify effects of circa 2050 climate forcing on the inter-annual variability of U.S. Corn Belt corn and soybean yields using statistical crop models and climate scenarios from regional and global climate models. Climate change generally reduces mean yields and increases the inter-annual variability of yields in the Midwestern U.S. Using these yield impacts and an economic model with automatic market stabilizers, we find only modest increases in price volatility. Although individual producers and states are negatively affected by the yield reductions, the aggregate effect for all corn and soybean producer returns can be positive because of price increases. Moreover, agricultural policies based on price levels or revenue variation offset some of the impacts of market variation on farm income. Our results differ from other recent results and temper concerns that increasing climate instability necessarily translates to greater uncertainty about agricultural commodity uses, including as food and biofuels, in the near future.
=592  \\$aPublisher supplied data
=593  \\$aPubAg article
=596  \\$cCooperative State Research, Education, and Extension Service
=506  0\$fUnrestricted online access$2star
=650  \3$aagricultural policy
=650  \3$abiofuels
=650  \3$aclimate
=650  \3$aclimate change
=650  \3$aclimate models
=650  \3$acorn
=650  \3$acrop models
=650  \3$acrop prices
=650  \3$acrop yield
=650  \3$aeconometric models
=650  \3$afarm income
=650  \3$amarkets
=650  \3$aradiative forcing
=650  \3$asoybeans
=650  \3$astabilizers
=650  \3$auncertainty
=651  \3$aCorn Belt region
=651  \3$aMidwestern United States
=653  \0$aClimate change
=653  \0$aCrop stocks
=653  \0$aCrop yields
=653  \0$aPrice variability
=700  1\$aLu, Yaqiong$eauthor$uSierra Nevada Research Institute, University of California, Merced, 5200 North Lake Road, Science and Engineering 277, Merced, CA 95343, United States
=700  1\$aGerlt, Scott$eauthor$uAgricultural and Applied Economics Department, University of Missouri, 200 Mumford Hall, Columbia, MO 65211, United States
=700  1\$aYang, Xianyu$eauthor$uSierra Nevada Research Institute, University of California, Merced and Cold and Arid Regions Environmental and Engineering Research Institute, Chinese Academy of Science, Lanzhou 730000, Gansu, China
=700  1\$aCampbell, J. Elliott$eauthor$uEnvironmental Studies Department, University of California, Santa Cruz, 1156 High St, Santa Cruz, CA 95064, United states
=700  1\$aKueppers, Lara M.$eauthor$uClimate and Ecosystem Sciences Division, Lawrence Berkeley National Laboratory, 1 Cyclotron Road, MC 74-316C, Berkeley, CA 94720, United States$1https://orcid.org/0000-0002-8134-3579
=700  1\$aSnyder, Mark A.$eauthor$uClimate Change and Impacts Laboratory, Department of Earth and Planetary Sciences, University of California, Santa Cruz, 1156 High Street, Santa Cruz, CA 95064, United States
=773  0\$tEcological economics.$g2018 Oct., v. 152 p.98-105$dElsevier B.V.$wJournal:11629$x0921-8009$7nnas
=787  1\$oislandora_article_repository
=787  1\$oproduct_pubag
=787  1\$o(Journal)11629
=856  40$uhttps://dx.doi.org/10.1016/j.ecolecon.2018.04.015$3Available from publisher's site
=856  40$uhttp://handle.nal.usda.gov/10113/6037372
=912  \\$aArticle
=914  \\$aJournal:11629$b0921-8009$c152$e98
=914  \\$fEcological economics
=916  \\$aBatch:2109
=917  \\$aissued
=918  2\$aElsevier Consyn$eprovider$5DNAL
=935  \\$aIND606037372$9ExL
=949  \\$a2020-03-06
=953  \\$a/data/metadata/incoming/consyn/20406-00003-HEAD-ONLY-NEW CONSYN ISSNS.zip
=954  \\$afile:/data/metadata/staging/consyn/S0921800917312156.xml
=955  \\$a/data/metadata/staging/consyn/
=961  \\$aUSDA
=962  \\$aUSDA Scientist Submission; eISSN 1873-6106
=962  \\$aMissing ISSN
=974  \\$aagid:6037372
=983  \\$a2019-06-20
=984  \\$a2022-09-06

