=LDR  03773nab a2200661 u 4500
=001  9915757393007426
=005  20221120163815.0
=008  170713e20160801xx\|||||o|||||||||||eng||
=016  7\$aIND605315556$2DNAL
=024  7\$a10.1016/j.scitotenv.2016.04.002$2doi
=035  \\$aagid:5315556-01nal_inst
=040  \\$aAGL$beng$cAGL
=100  1\$aZaharescu, Dragos G.$eauthor$uBiosphere-2, University of Arizona, Tucson, AZ, USA$1https://orcid.org/0000-0002-6593-3739
=245  10$aClimate change enhances the mobilisation of naturally occurring metals in high altitude environments
=300  \\$ap. 73-81.
=520  \\$aManmade climate change has expressed a plethora of complex effects on Earth's biogeochemical compartments. Climate change may also affect the mobilisation of natural metal sources, with potential ecological consequences beyond mountains' geographical limits; however, this question has remained largely unexplored. We investigated this by analysing a number of key climatic factors in relationship with trace metal accumulation in the sediment core of a Pyrenean lake. The sediment metal contents showed increasing accumulation trend over time, and their levels varied in step with recent climate change. The findings further revealed that a rise in the elevation of freezing level, a general increase in the frequency of drier periods, changes in the frequency of winter freezing days and a reducing snow cover since the early 1980s, together are responsible for the observed variability and augmented accumulation of trace metals. Our results provide clear evidence of increased mobilisation of natural metal sources - an overlooked effect of climate change on the environment. With further alterations in climate equilibrium predicted over the ensuing decades, it is likely that mountain catchments in metamorphic areas may become significant sources of trace metals, with potentially harmful consequences for the wider environment.
=592  \\$aPublisher supplied data
=593  \\$aPubAg article
=650  \3$aaltitude
=650  \3$aclimate change
=650  \3$aclimatic factors
=650  \3$aenvironmental impact
=650  \3$afreezing
=650  \3$alakes
=650  \3$ametals
=650  \3$amountains
=650  \3$asediments
=650  \3$asnowpack
=650  \3$atrace elements
=650  \3$awatersheds
=653  \0$aClimate change
=653  \0$aHigh altitude
=653  \0$aTrace elements
=653  \0$aLakebed sediment record
=653  \0$aWeathering and transportation
=653  \0$aContaminant risk
=700  1\$aHooda, Peter S.$eauthor$uSchool of Natural and Built Environments, Kingston University London, UK
=700  1\$aBurghelea, Carmen I.$eauthor$uBiosphere-2, University of Arizona, Tucson, AZ, USA
=700  1\$aPolyakov, Viktor$eauthor$uSouthwest Research Center, United States Department of Agriculture, Tucson, AZ, USA
=700  1\$aPalanca-Soler, Antonio$eauthor$uFaculty of Biological Sciences, University of Vigo, Vigo, Spain
=773  0\$tScience of the total environment.$g2016 Aug. 01, v. 560-561 p.73-81$dElsevier B.V.$x0048-9697$7nnas
=787  1\$oislandora_article_repository
=787  1\$oproduct_pubag
=787  1\$o(Journal)jnl4455
=856  40$uhttp://dx.doi.org/10.1016/j.scitotenv.2016.04.002$3Available from publisher's site
=912  \\$aArticle
=914  \\$aJournal:jnl4455$b0048-9697$c560-561$e73
=914  \\$fScience of the total environment
=916  \\$aBatch:1422
=917  \\$aissued
=918  2\$aElsevier Consyn$eprovider$5DNAL
=935  \\$aIND605315556$9ExL
=949  \\$a2016-09-06
=953  \\$a33533-00002-HEAD-ONLY-COLL_DEV_SELECTED_SUBJECTS.zip
=961  \\$aUSDA
=974  \\$aagid:5315556
=983  \\$a2017-07-13
=984  \\$a2017-07-13

