=LDR  05118nab a2200721 u 4500
=001  9915759712507426
=005  20221122110314.0
=008  130911s2012\\\\xx\|||||o|||||||||||eng||
=016  7\$aIND500699485$2DNAL
=024  7\$a10113/57687$2hdl
=024  7\$a10.1079/PAVSNNR20127062$2doi
=024  8\$ans3217
=035  \\$aagid:57687-01nal_inst
=040  \\$aAGL$beng$cAGL
=100  1\$aJaradat, Abdullah A.$eauthor
=245  10$aAnticipating impacts of climate change on organic agriculture
=300  \\$ap. 1-22.
=506  \\$aWorks produced by employees of the U.S. Government as part of their official duties are not copyrighted within the U.S. The content of this document is not copyrighted.
=520  \\$aBoth conventional agriculture (CA) and organic agriculture (OA) are inextricably linked to climate and will impact and be impacted by climate change (CC). OA, unlike CA, encompasses heterogeneous agricultural management methods and practices, given its multiple origins around the world. Although it represents < 1% of the world's agricultural production and about 9% of total agricultural area, OA is a globally growing, low-input, dynamic and knowledge-intensive production system. It provides a larger flow of multiple ecosystems services than, and differs fundamentally from, CA in the conceptual approaches that frame crop, animal and natural resources-management strategies. Organic farmers have fewer means to manage their production systems and they need greater expertise and more time to optimize the management of OA in the face of CC. The diverse OA-based agroecological systems (AESs), compared with CA, provide more regulatory functions that enable OA to adjust to changing environmental conditions; however, OA may experience larger inter-annual variability which is attributed to fewer short-term possibilities for controlling biotic and abiotic stresses. Nevertheless, small-scale organic farmers and communities are seemingly able to cope with weather fluctuations and climate extremes because of the self-regulating ability of OA and the enormous variability in internal adaptation strategies they have developed over time. However, vulnerability of OA to CC will eventually depend on the level of exposure and sensitivity to multiple biotic and abiotic stresses, and on its intrinsic buffering capacity for adaptation and mitigation. Long-term sustainability of OA in the face of CC is intractably linked to ecological sustainability. CC and ecological disturbances may force OA to undergo structural changes or adjustments as to land area; farm size and land tenure; farming complexity, crop-livestock integration, sustainable intensification and specialization; environmental stewardship; and labour intensity. Conventionalization, to the extent that it does not undermine its core principles, may become the only economically viable structural change option to adapt large-scale OA to CC. In order to minimize the impact of CC, OA needs to function within the broader context of multidisciplinary agro-ecological principles, while adopting scientifically based, resource-efficient and semi-closed AESs' approach. The challenge facing OA is to develop measurable and reliable biophysical vulnerability indicators to prioritize adaptation and mitigation efforts at the farm and local levels.
=593  \\$aPubAg article
=593  \\$cUSDA submission
=650  \3$aabiotic stress
=650  \3$aclimate
=650  \3$aclimate change
=650  \3$acrop production
=650  \3$acrops
=650  \3$aecosystem services
=650  \3$aenvironmental factors
=650  \3$aenvironmental stewardship
=650  \3$afarm labor
=650  \3$afarm size
=650  \3$afarmers
=650  \3$afarms
=650  \3$aland tenure
=650  \3$alivestock production
=650  \3$aorganic production
=650  \3$asustainable agriculture
=650  \3$aweather
=773  0\$tCAB Reviews.$g2012, v. 7 p.1-22$wJournal:26723$x1749-8848$7nnas
=787  1\$oislandora_article_repository
=787  1\$oproduct_pubag
=787  1\$oislandora_pubag_with_text
=787  1\$o(Journal)26723
=856  40$uhttps://handle.nal.usda.gov/10113/57687$3Available in the National Agricultural Library PubAg search system
=856  40$uhttp://dx.doi.org/10.1079/PAVSNNR20127062
=912  \\$aArticle
=914  \\$aJournal:26723$b1749-8848$c7$e1
=914  \\$fCAB Reviews
=917  \\$aissued
=935  \\$aIND500699485$9ExL
=949  \\$a2013-11-08
=956  \\$aARIS submission$bhttp://submit-u.nal.usda.gov/system/files/submissions/115749_1615.pdf
=961  \\$aUSDA
=962  \\$aUSDA Scientist Submission
=962  \\$aBatch:375 annotated on 2013-10-28T11:14:55Z
=962  \\$aBatch:375 reviewed on 2013-11-08T12:00:04Z
=962  \\$aBatch:375 reviewed on 2013-11-08T15:00:05Z
=962  \\$aBatch:375 reviewed on 2013-11-08T17:00:04Z
=974  \\$aagid:57687
=983  \\$a2013-09-11
=984  \\$a2013-10-18
=985  \\$aUSDA submission converted from Drupal to MODS version 3.4 using submission2mods.xsl (Revision 1.XXX 2012/012/28)
=986  \\$ans3217

