=LDR  06163nab a2200949 u 4500
=001  9915760169307426
=005  20221214231449.0
=008  220921e202111\\xx\|||||o|||||||||||eng||
=016  7\$aIND607512992$2DNAL
=024  7\$a382000$2aris
=024  7\$a10113/7512992$2hdl
=024  7\$a10.1016/j.ecolind.2021.108204$2doi
=024  7\$a435977$2aris_accn_no
=024  7\$a2080-21000-018-000D$2aris_project_no
=024  7\$a382000$2seq_no_115
=035  \\$aagid:7512992-01nal_inst
=040  \\$aAGL$beng$cAGL
=100  1\$aCao, Jing$eauthor$uDepartment of Grassland Resources and Ecosystem, College of Grassland Science and Technology, China Agricultural University, Beijing 100193, China
=245  10$aPotential impact of climate change on the global geographical distribution of the invasive species, Cenchrus spinifex (Field sandbur, Gramineae)
=506  \\$aCreative Commons Attribution 4.0 Generic (CC BY 4.0)$uhttp://creativecommons.org/licenses/by/4.0/
=506  \\$aResource is Open Access$uhttp://purl.org/eprint/accessRights/OpenAccess
=520  \\$aField sandbur (Cenchrus spinifex Cav.) is an annual grass native to North America that has spread widely in South America, Europe, Asia, Australia and other regions, reducing crop and grassland productivity. In recent decades, global climate change and human activity have been linked to the spread of C. spinifex and its impact on ecosystem and biodiversity. In order to characterize the role of climate change on this trend and highlight regions of high invasion risk, we used global distribution data and maximum entropy models (MaxEnt) to analyze suitable habitats based on four global climate models and two representative concentration pathways under different climate scenarios. Receiver operating characteristic (ROC) curve analysis method was also used to further verify the prediction accuracy of the model, which was statistically significant (AUC = 0.921). Climatically suitable areas of C. spinifex at present climate conditions were located at six continents including central South America, southern parts of North America and Africa, most of Mediterranean coastal European regions, Asia, Australia, and New Zealand. Future climate conditions may promote C. spinifex expansion into coastal regions. Meanwhile, C. spinifex in the northern hemisphere were expected to spread further southward (20-55°N; 30-55°S) compared to present potential geographical distribution. The suitable habitat area of C. spinifex would be slightly reduced in 2050 and 2070. Seasonal precipitation, precipitation of driest quarter (bio15, bio17) and mean temperature of warmest and coldest quarter (bio10, bio11) could be the major environmental variables affecting the potential distribution of C. spinifex. Preventing the spread of C. spinifex in the future will require strict phytosanitary measures to reduce colonization of new regions, such as Japan, India, Russia, and Thailand. Our research provides a foundation to focus future management efforts and prioritize area of greatest ecological concern.
=592  \\$aPublisher supplied data
=593  \\$aPubAg article
=506  0\$fUnrestricted online access$2star
=593  \\$eARIS manuscript
=650  \3$aCenchrus
=650  \3$aair temperature
=650  \3$aatmospheric precipitation
=650  \3$aclimate change
=650  \3$aclimate models
=650  \3$aclimatic factors
=650  \3$acoasts
=650  \3$aecological invasion
=650  \3$ageographical distribution
=650  \3$ahabitats
=650  \3$ainvasive species
=650  \3$aphytogeography
=651  \3$aAfrica
=651  \3$aAsia
=651  \3$aAustralia
=651  \3$aEurope
=651  \3$aMediterranean region
=651  \3$aNew Zealand
=651  \3$aNorth America
=651  \3$aSouth America
=653  \0$aField sandbur (Cenchrus spinifex)
=653  \0$aInvasive plant
=653  \0$aMaxEnt model
=653  \0$aPotential geographical distribution
=653  \0$aRisk analysis
=700  1\$aXu, Jun$eauthor$uCollege of Grassland, Resources and Environment, Inner Mongolia Agricultural University, Hohhot 010011, China
=700  1\$aPan, Xubin$eauthor$uChinese Academy of Inspection and Quarantine, Beijing 100176, China
=700  1\$aMonaco, Thomas A.$eauthor$uUSDA-ARS Forage and Range Research Laboratory, Utah State University, Logan, UT 84322-6300, USA$1https://orcid.org/0000-0003-1472-7326
=700  1\$aZhao, Kun$eauthor$uDepartment of Grassland Resources and Ecosystem, College of Grassland Science and Technology, China Agricultural University, Beijing 100193, China
=700  1\$aWang, Deping$eauthor$uDepartment of Grassland Resources and Ecosystem, College of Grassland Science and Technology, China Agricultural University, Beijing 100193, China
=700  1\$aRong, Yuping$eauthor$uDepartment of Grassland Resources and Ecosystem, College of Grassland Science and Technology, China Agricultural University, Beijing 100193, China
=773  0\$tEcological indicators.$g2021 Nov., v. 131 p.108204-$dElsevier Ltd$wJournal:6196$x1470-160X$7nnas
=787  1\$oislandora_article_repository
=787  1\$oproduct_pubag
=787  1\$o(Journal)6196
=856  40$uhttps://dx.doi.org/10.1016/j.ecolind.2021.108204$3Available from publisher's site
=856  40$uhttps://handle.nal.usda.gov/10113/7512992$3Available in the National Agricultural Library PubAg search system
=912  \\$aArticle
=914  \\$aJournal:6196$b1470-160X$c131$e108204
=914  \\$fEcological indicators
=916  \\$aBatch:10194
=917  \\$aissued
=918  2\$aElsevier Consyn$eprovider$5DNAL
=935  \\$aIND607512992$9ExL
=949  \\$a2022-06-04
=952  \\$dgolden set
=953  \\$a/data/metadata/incoming/consyn/151469736909111354-00004-HEAD-ONLY-NEW CONSYN ISSNS.ZIP
=954  \\$afile:/data/metadata/staging/consyn/S1470160X21008694.xml
=955  \\$a/data/metadata/staging/consyn/
=961  \\$aUSDA/ARS
=962  \\$aUSDA Scientist Submission
=962  \\$aARIS manuscript submission
=962  \\$aARIS Manuscript
=974  \\$aagid:7512992
=983  \\$a2022-09-21
=984  \\$a2022-09-21

