=LDR  04542nab a2200817 u 4500
=001  9915760812307426
=005  20221120173354.0
=008  130904s2003\\\\xx\|||||o|||||||||||eng||
=016  7\$aIND500693223$2DNAL
=024  7\$a10113/57615$2hdl
=024  7\$a10.1016/S0304-3800(02)00415-5$2doi
=024  8\$ans3037
=035  \\$aagid:57615-01nal_inst
=040  \\$aAGL$beng$cAGL
=100  1\$aWinslow, Jerome C.$eauthor
=245  14$aThe influence of seasonal water availability on global C3 versus C4 grassland biomass and its implications for climate change research
=300  \\$ap. 153-173.
=506  \\$aWorks produced by employees of the U.S. Government as part of their official duties are not copyrighted within the U.S. The content of this document is not copyrighted.
=520  \\$aClimate-change induced alterations in the global distribution of cool season (C(3)) and warm season (C(4)) grasses would impact the global carbon cycle and have differing, local effects on range and agricultural production. We hypothesize that a major influence on C(3)/C(4) distribution may be the seasonal timing of water availability with respect to the different C(3) and C(4) growing seasons. An algorithm expressing this hypothesis (the SAW hypothesis for Seasonal Availability of Water), estimates C(3) versus C(4) grass biomass from climate data. Sensitivity analysis indicated that temperatures used to delineate the start and end of the C(3) and C(4)grass growing seasons were more important than photosynthetic responses to temperature. To evaluate the SAW hypothesis, this algorithm was applied globally on a 1°×1° latitude-longitude grid. When compared with vegetation survey data at 141 locations in North America, Argentina, Australia, and South Africa, SAW algorithm predictions yielded an R(2) of 0.71. Error resulted primarily from comparing large grid cells to plot data, interannual variability of climate, and from gridding measured climate to data-sparse locations with a single lapse rate of air temperature with elevation. Application of the SAW algorithm to a climate change scenario suggested that changes in temperature and precipitation patterns could offset C(3) photosynthetic advantages offered by elevated atmospheric CO(2) concentrations. These results underscored the importance of accurately representing the timing and spatial distribution as well as the magnitude of temperature and precipitation in scenarios of future climate.
=593  \\$aPubAg article
=593  \\$cUSDA submission
=650  \3$aC3 plants
=650  \3$aC4 plants
=650  \3$aair temperature
=650  \3$aalgorithms
=650  \3$aaltitude
=650  \3$aatmospheric precipitation
=650  \3$abiogeochemical cycles
=650  \3$abiomass
=650  \3$acarbon dioxide
=650  \3$aclimate
=650  \3$aclimate change
=650  \3$acool season grasses
=650  \3$aelevated atmospheric gases
=650  \3$agrasslands
=650  \3$agrowing season
=650  \3$alatitude
=650  \3$aphotosynthesis
=650  \3$aplant available water
=650  \3$asurveys
=650  \3$awarm season grasses
=651  \3$aArgentina
=651  \3$aAustralia
=651  \3$aNorth America
=651  \3$aSouth Africa
=700  1\$aHunt Jr., E. Raymond$eauthor
=700  1\$aPiper, Stephen C.$eauthor
=773  0\$tEcological modelling.$g2003, v. 163 p.153-173$d[Elsevier]$x0304-3800$7nnas
=787  1\$oislandora_article_repository
=787  1\$oproduct_pubag
=787  1\$oislandora_pubag_with_text
=787  1\$o(Journal)jnl6191
=856  40$uhttps://handle.nal.usda.gov/10113/57615$3Available in the National Agricultural Library PubAg search system
=856  40$uhttp://dx.doi.org/10.1016/S0304-3800(02)00415-5
=912  \\$aArticle
=914  \\$aJournal:jnl6191$b0304-3800$c163$e153
=914  \\$fEcological modelling
=917  \\$aissued
=935  \\$aIND500693223$9ExL
=949  \\$a2013-10-25
=956  \\$aARIS submission$bhttp://submit-u.nal.usda.gov/system/files/submissions/114870_winslow_ecolmod2003_c3c4.pdf
=961  \\$aUSDA
=962  \\$aUSDA Scientist Submission
=962  \\$aBatch:356 annotated on 2013-09-27T15:32:15Z
=962  \\$aBatch:356 reviewed on 2013-10-25T13:00:04Z
=962  \\$aBatch:356 reviewed on 2013-10-25T17:00:04Z
=974  \\$aagid:57615
=983  \\$a2013-09-04
=984  \\$a2014-07-26
=985  \\$aUSDA submission converted from Drupal to MODS version 3.4 using submission2mods.xsl (Revision 1.XXX 2012/012/28)
=986  \\$ans3037

