=LDR  02847nab a2200709 u 4500
=001  9915762874307426
=005  20221122062855.0
=008  081015e200804\\xx\|||||o|||||||||||eng||
=016  7\$aIND44114888$2DNAL
=024  7\$a10113/21386$2hdl
=035  \\$aagid:21386-01nal_inst
=040  \\$aAGL$beng$cAGL
=072  \0$aK200
=072  \0$aW000
=072  \0$aB200
=100  1\$aMalmsheimer, Robert W.
=245  10$aForest management solutions for mitigating climate change in the United States
=300  \\$ap. 115-171.
=500  \\$aIncludes references
=520  \\$aThis issue contains nine chapters focusing on the mitigating options involving US forests and the policies relating to forests' role in climatic change. The first two chapters lay the groundwork for the mitigation strategies and summarize the science necessary to understand policy options for climate change and greenhouse gases. The next four chapters detail four ways that forests, forest products, and forest management can prevent greenhouse gases (GHGs) emissions. Reduction of GHG emissions through sequestration is also discussed. Another chapter focuses on markets of forest carbon offset projects. The final chapter provides opportunities and challenges for society, landowners, and foresters.
=593  \\$aPubAg article
=593  \\$cUSDA submission
=650  \3$aforest management
=650  \3$aclimate change
=650  \3$agreenhouse gases
=650  \3$agas emissions
=650  \3$aforests
=651  \3$aUnited States
=700  1\$aHeffernan, Patrick
=700  1\$aBrink, Steve
=700  1\$aCrandall, Douglas
=700  1\$aDeneke, Fred
=700  1\$aGalik, Christopher
=700  1\$aGee, Edmund
=700  1\$aHelms, John A.
=700  1\$aMcClure, Nathan
=700  1\$aMortimer, Michael
=700  1\$aRuddell, Steve
=700  1\$aSmith, Matthew
=700  1\$aStewart, John
=773  0\$tJournal of forestry.$g2008 , v.  106, no.  3 p.115-171$x0022-1201$7nnas
=787  1\$oproduct_pubag
=787  1\$oislandora_article_repository
=787  1\$oislandora_pubag_with_text
=787  1\$o(Journal)jnl42349
=852  \\$aDNAL
=856  40$uhttps://handle.nal.usda.gov/10113/21386$3Available in the National Agricultural Library PubAg search system
=912  \\$aArticle
=914  \\$aJournal:jnl42349$b0022-1201$c106$d3$e115
=914  \\$fJournal of forestry
=917  \\$aissued
=930  \\$a20081115$b20081206$c00000000
=935  \\$aIND44114888$9ExL
=945  \\$aIND$dARS$e2008/11/07
=946  \\$aOther US
=949  \\$a2014-07-17
=952  \\$a20081115 20081206 00000000$bIND ARS 2008/11/07
=961  \\$aUSDA/FS
=974  \\$aagid:21386
=984  \\$a2011-11-04
=985  \\$aConverted from MARCXML to MODS version 3.4 using MARC21slim2MODS3-4.xsl (Revision 1.95 2014/04/23)
=986  \\$a4114888

