=LDR  04662nab a2200757 u 4500
=001  9915764307207426
=005  20221120092206.0
=008  180102e201301\\xx\|||||o|||||||||||eng||
=016  7\$aIND605876226$2DNAL
=024  7\$a10.1890/12-0436.1$2doi
=035  \\$aagid:5876226-01nal_inst
=040  \\$aAGL$beng$cAGL
=100  1\$aBehrman, Kathrine D.$eauthor
=245  10$aSpatial forecasting of switchgrass productivity under current and future climate change scenarios
=300  \\$ap. 73-85.
=500  \\$aJOURNAL ARTICLE
=520  \\$aEvaluating the potential of alternative energy crops across large geographic regions, as well as over time, is a necessary component to determining if biofuel production is feasible and sustainable in the face of growing production demands and climatic change. Switchgrass (Panicum virgatum L.), a native perennial herbaceous grass, is a promising candidate for cellulosic feedstock production. In this study, current and future (from 2080 to 2090) productivity is estimated across the central and eastern United States using ALMANAC, a mechanistic model that simulates plant growth over time. The ALMANAC model was parameterized for representative ecotypes of switchgrass. Our results indicate substantial variation in switchgrass productivity both within regions and over time. States along the Gulf Coast, southern Atlantic Coast, and in the East North Central Midwest have the highest current biomass potential. However, these areas also contain critical wetland habitat necessary for the maintenance of biodiversity and agricultural lands necessary for food production. The southern United States is predicted to have the largest decrease in future biomass production. The Great Plains are expected to experience large increases in productivity by 2080-2090 due to climate change. In general, regions where future temperature and precipitation are predicted to increase are also where larger future biomass production is expected. In contrast, regions that show a future decrease in precipitation are associated with smaller future biomass production. Switchgrass appears to be a promising biofuel crop for the central and eastern United States, with local biomass predicted to be high (>10 Mg/ha) for ∼50% of the area studied for each climate scenario. In order to minimize land conversion and loss of biodiversity, areas that currently have and maintain high productivity under climate change should be targeted for their long‐term growth potential.
=592  \\$aPublisher supplied data
=593  \\$aPubAg article
=650  \3$aPanicum virgatum
=650  \3$aagricultural land
=650  \3$aannuals
=650  \3$abiodiversity
=650  \3$abiofuels
=650  \3$abiomass production
=650  \3$aclimate
=650  \3$aclimate change
=650  \3$acoasts
=650  \3$aecotypes
=650  \3$aenergy crops
=650  \3$afeedstocks
=650  \3$afood production
=650  \3$afuel production
=650  \3$agrasses
=650  \3$ahabitats
=650  \3$aindigenous species
=650  \3$aland use change
=650  \3$amechanistic models
=650  \3$aperennials
=650  \3$atemperature
=650  \3$awetlands
=651  \3$aGreat Plains region
=651  \3$aSoutheastern United States
=700  1\$aKiniry, James R.$eauthor$uGrassland, Soil, and Water Research Laboratory, USDA-ARS, 808 East Blackland Road, Temple, Texas 76502 USA
=700  1\$aWinchell, Michael$eauthor$uStone Environmental Incorporated, 535 Stone Cutters Way, Montpelier, Vermont 05602 USA
=700  1\$aJuenger, Thomas E.$eauthor$uSection of Integrative Biology, University of Texas, 1 University Station C0930, Austin, Texas 78712 USA
=700  1\$aKeitt, Timothy H.$eauthor$uSection of Integrative Biology, University of Texas, 1 University Station C0930, Austin, Texas 78712 USA
=773  0\$tEcological applications.$g2013 Jan., v. 23, no. 1 p.73-85$dEcological Society of America$wJournal:jnl47193$x1051-0761$7nnas
=787  1\$oislandora_article_repository
=787  1\$oproduct_pubag
=787  1\$o(Journal)jnl47193
=856  40$uhttp://dx.doi.org/10.1890/12-0436.1$3Available from publisher's site
=912  \\$aArticle
=914  \\$aJournal:jnl47193$b1051-0761$c23$d1$e73
=914  \\$fEcological applications
=916  \\$aBatch:1910
=917  \\$aissued
=918  2\$aJohn Wiley & Sons, Inc$eprovider$5DNAL
=935  \\$aIND605876226$9ExL
=949  \\$a2018-02-28
=953  \\$a10510761_2013_23_1.xml
=961  \\$aUSDA/ARS
=962  \\$aBatch:1910 reviewed on 2018-02-28T15:00:02Z
=974  \\$aagid:5876226
=983  \\$a2018-01-02
=984  \\$a2018-02-28

