=LDR  05074nab a2200649 u 4500
=001  9915764380007426
=005  20221120163905.0
=008  220411e202204\\xx\|||||o|||||||||||eng||
=016  7\$aIND607729424$2DNAL
=024  7\$a10.1007/s10841-022-00384-5$2doi
=035  \\$aagid:7729424-01nal_inst
=040  \\$aAGL$beng$cAGL
=100  1\$aMorales, Carolina L.$eauthor$uGrupo de Ecología de la Polinización (EcoPol), INIBIOMA (CONICET, Universidad Nacional del Comahue), Quintral 1250, 8400, San Carlos de Bariloche, Rio Negro, Argentina. moralesc@comahue-conicet.gob.ar$1https://orcid.org/0000-0002-9989-5347
=245  10$aDoes climate change influence the current and future projected distribution of an endangered species? The case of the southernmost bumblebee in the world
=300  \\$ap. 257-269.
=520  \\$aINTRODUCTION: Cold-adapted bumblebees are vulnerable to climate change (CC). South American Bombus dahlbomii, the southernmost bumblebee worldwide, has strongly declined since the 1990s and may be particularly susceptible to current and future CC. AIMS/METHODS: We asked (1) whether current CC had a role in the observed decline of this species and (2) how projected CC would affect the future distribution of B. dahlbomii. We used a comprehensive record of occurrences for B. dahlbomii and species distribution models (SDMs) to build maps of (1) predicted current climatic suitability using pre-1990s and post-1990s occurrences, and (2) projected current and future climatic suitability under future (2080-2100) RCP 8.5 scenarios predicted by the 5th IPCC Report. RESULTS AND DISCUSSION: SDMs did not show changes in species climatic suitability pre-1990 vs. post-1990, suggesting no significant role of CC on the observed decline of the species at this time scale. However, a moderate range reduction of 13% and 14% of the ~ 0.041º grid cells was predicted by 2080-2100 under the 70% and 100% consensus models, respectively. IMPLICATIONS FOR INSECT CONSERVATION: Identifying the threats to B. dahlbomii allows for prioritizing conservation efforts. Short-term threats imposed by invasive bumblebees deserve urgent attention. The potential synergies between this threat and CC need to be understood to better predict the fate of this species. Binational cooperation should guarantee connectivity between climatically suitable areas in Argentina and Chile.
=592  \\$aPublisher supplied data
=593  \\$aPubAg article
=596  \\$aNE/S011870/1$cNewton Fund
=596  \\$aNE/S011870/1$cNewton Fund
=596  \\$aNE/S011870/1$cNewton Fund
=596  \\$a304494/2019-4$cCNpq-Proc
=596  \\$aRD 1984/19$cConsejo Nacional de Investigaciones Científicas y Técnicas
=596  \\$aRD 1984/19$cConsejo Nacional de Investigaciones Científicas y Técnicas
=596  \\$aRD 1984/19$cConsejo Nacional de Investigaciones Científicas y Técnicas
=650  \3$aBombus dahlbomii
=650  \3$aclimate change
=650  \3$aendangered species
=650  \3$ageographical distribution
=650  \3$ainsects
=651  \3$aArgentina
=651  \3$aChile
=700  1\$aMontalva, Jose$eauthor$uDepartment of Biological and Environmental Sciences, East Central University, Ada, OK, USA
=700  1\$aArbetman, Marina P.$eauthor$uGrupo de Ecología de la Polinización (EcoPol), INIBIOMA (CONICET, Universidad Nacional del Comahue), Quintral 1250, 8400, San Carlos de Bariloche, Rio Negro, Argentina$1https://orcid.org/0000-0002-8382-2522
=700  1\$aAizen, Marcelo A.$eauthor$uGrupo de Ecología de la Polinización (EcoPol), INIBIOMA (CONICET, Universidad Nacional del Comahue), Quintral 1250, 8400, San Carlos de Bariloche, Rio Negro, Argentina$1https://orcid.org/0000-0001-9079-9749
=700  1\$aMartins, Aline C.$eauthor$uDepartamento de Zoologia, Universidade de Brasilia, Campus Darcy Ribeiro, Brasilia, DF, Brazil$1https://orcid.org/0000-0003-2305-2877
=700  1\$aSilva, Daniel Paiva$eauthor$uDepartamento de Ciências Biológicas, Instituto Federal Goiano, Rodovia Geraldo Silva Nascimento, KM 2,5, Zona Rural, Urutaí, GO, CEP 75790-000, Brazil$1https://orcid.org/0000-0002-2457-6245
=773  0\$tJournal of insect conservation.$g2022 Apr., v. 26, no. 2 p.257-269$dSpringer International Publishing$wJournal:jnl3870062$x1366-638X$7nnas
=787  1\$oislandora_article_repository
=787  1\$oproduct_pubag
=787  1\$o(Journal)jnl3870062
=856  40$uhttps://dx.doi.org/10.1007/s10841-022-00384-5$3Available from publisher's site
=912  \\$aArticle
=914  \\$aJournal:jnl3870062$b1366-638X$c26$d2$e257
=914  \\$fJournal of insect conservation
=917  \\$aissued
=918  2\$aSpringer$eprovider$5DNAL
=935  \\$aIND607729424$9ExL
=949  \\$a2022-04-11
=952  \\$dNAL-AP-2-clean
=953  \\$a/data/metadata/incoming/springer/ftp_PUB_22-04-07_05-34-19.zip
=954  \\$afile:/data/metadata/staging/springer/10841-26-2.xml
=955  \\$a/data/metadata/staging/springer/
=961  \\$aUSDA
=974  \\$aagid:7729424
=983  \\$a2022-04-11
=984  \\$a2022-04-11

