=LDR  06134nab a2201045 u 4500
=001  9915765413007426
=005  20221214225839.0
=008  160721e201506\\xx\|||||o|||||||||||eng||
=016  7\$aIND600062892$2DNAL
=024  7\$a315739$2aris
=024  7\$a10113/62892$2hdl
=024  7\$a10.3965/j.ijabe.20150803.1497$2doi
=024  8\$ans10715
=035  \\$aagid:62892-01nal_inst
=040  \\$aAGL$beng$cAGL
=100  1\$aPanagopoulos, Yiannis$eauthor
=245  10$aImpacts of climate change on hydrology, water quality and crop productivity in the Ohio-Tennessee River Basin
=300  \\$ap. 36-53.
=506  \\$aWorks produced by employees of the U.S. Government as part of their official duties are not copyrighted within the U.S. The content of this document is not copyrighted.
=520  \\$aNonpoint source pollution from agriculture is the main source of nitrogen and phosphorus in the stream systems of the Corn Belt region in the Midwestern U.S. The eastern part of this region is comprised of the Ohio-Tennessee River Basin (OTRB), which is considered a key contributing area for water pollution and the Northern Gulf of Mexico hypoxic zone. A point of crucial importance in this basin is therefore how intensive corn-based cropping systems for food and fuel production can be sustainable and coexist with a healthy water environment, not only under existing climate but also under climate change conditions in the future. To address this issue, a OTRB integrated modeling system has been built with a greatly refined 12-digit subbasin structure based on the Soil and Water Assessment Tool (SWAT) water quality model, which is capable of estimating landscape and in-stream water and pollutant yields in response to a wide array of alternative cropping and/or management strategies and climatic conditions. The effects of three agricultural management scenarios on crop production and pollutant loads exported from the crop land of the OTRB to streams and rivers were evaluated: (1) expansion of continuous corn across the entire basin, (2) adoption of no-till on all corn and soybean fields in the region, (3) implementation of a winter cover crop within the baseline rotations. The effects of each management scenario were evaluated both for current climate and projected mid-century (2046-2065) climates from seven global circulation models (GCMs). In both present and future climates each management scenario resulted in reduced erosion and nutrient loadings to surface water bodies compared to the baseline agricultural management, with cover crops causing the highest water pollution reduction. Corn and soybean yields in the region were negligibly influenced from the agricultural management scenarios. On the other hand, both water quality and crop yield numbers under climate change deviated considerably for all seven GCMs compared to the baseline climate. Future climates from all GCMs led to decreased corn and soybean yields by up to 20% on a mean annual basis, while water quality alterations were either positive or negative depending on the GCM. The study highlights the loss of productivity in the eastern Corn Belt under climate change, the need to consider a range of GCMs when assessing impacts of climate change, and the value of SWAT as a tool to analyze the effects of climate change on parameters of interest at the basin scale.
=593  \\$aPubAg article
=593  \\$cUSDA submission
=594  \\$aEmbargoed article
=595  \\$bcmartinez$c2016-08-08$djgilbert$e2016-08-08
=593  \\$eARIS manuscript
=650  \3$aGlycine max
=650  \3$aSoil and Water Assessment Tool model
=650  \3$aZea mays
=650  \3$abasins
=650  \3$abioengineering
=650  \3$aclimate change
=650  \3$aclimate models
=650  \3$aclimatic factors
=650  \3$acontinuous cropping
=650  \3$acorn
=650  \3$acover crops
=650  \3$acrop yield
=650  \3$acropland
=650  \3$aenvironmental health
=650  \3$afuel production
=650  \3$alandscapes
=650  \3$anitrogen
=650  \3$ano-tillage
=650  \3$anonpoint source pollution
=650  \3$aphosphorus
=650  \3$apollutants
=650  \3$apollution load
=650  \3$arivers
=650  \3$asoybeans
=650  \3$astreams
=650  \3$asurface water
=650  \3$awater pollution
=650  \3$awater quality
=650  \3$awatersheds
=651  \3$aCorn Belt region
=651  \3$aEastern United States
=651  \3$aGulf of Mexico
=651  \3$aMidwestern United States
=700  1\$aGassman, Philip W.$eauthor
=700  1\$aArritt, Raymond W.$eauthor
=700  1\$aHerzmann, Daryle E.$eauthor
=700  1\$aCampbell, Todd D.$eauthor
=700  1\$aValcu, Adrianan$eauthor
=700  1\$aJha, Manoj K.$eauthor
=700  1\$aKing, Catherine L.$eauthor
=700  1\$aSrinivasan, Raghavan$eauthor
=700  1\$aWhite, Michael J.$eauthor
=700  1\$aArnold, Jeffrey G.$eauthor
=773  0\$tInternational journal of agricultural and biological engineering.$g2015 June, v. 8, no. 3 p.36-53$wJournal:22636$x1934-6344$7nnas
=787  1\$oislandora_article_repository
=787  1\$oproduct_pubag
=787  1\$o(Journal)22636
=856  40$uhttps://handle.nal.usda.gov/10113/62892$3Available in the National Agricultural Library PubAg search system
=856  40$uhttp://dx.doi.org/10.3965/j.ijabe.20150803.1497$3Available from publisher's site
=912  \\$aArticle
=914  \\$aJournal:22636$c8$d3$e36
=914  \\$fInternational journal of agricultural and biological engineering
=916  \\$aBatch:1400
=917  \\$aissued
=935  \\$aIND600062892$9ExL
=949  \\$a2021-06-22
=956  \\$aARIS submission$bhttp://submit.nal.usda.gov/system/files/submissions/315739.pdf
=961  \\$aUSDA
=962  \\$aUSDA Scientist Submission
=962  \\$aBatch:1400 reviewed on 2016-09-07T13:00:02Z
=974  \\$aagid:62892
=983  \\$a2016-07-21
=984  \\$a2020-10-06
=985  \\$aUSDA submission converted from Drupal to MODS version 3.4 using submission2mods.xsl (Revision 1.002 2014/01/28)
=986  \\$ans10715

