=LDR  05046nab a2200769 u 4500
=001  9915771378107426
=005  20221215143615.0
=008  220901e20170418xx\|||||o|||||||||||eng||
=016  7\$aIND607344629$2DNAL
=024  7\$a10113/7344629$2hdl
=024  7\$a10.1073/pnas.1609633114$2doi
=024  7\$a10.1073/pnas.1609633114$2chorus
=035  \\$aagid:7344629-01nal_inst
=040  \\$aAGL$beng$cAGL
=100  1\$aMerow, Cory$eauthor$uEcology and Evolutionary Biology, Yale University, New Haven, CT 06511;, Ecology and Evolutionary Biology, University of Connecticut, Storrs, CT 06269;
=245  10$aClimate change both facilitates and inhibits invasive plant ranges in New England
=506  \\$aResource is Open Access$uhttp://purl.org/eprint/accessRights/OpenAccess
=506  \\$aCHORUS License Information
=506  \\$aResource is Open Access
=506  \\$aProceedings of the National Academy of Sciences License Information
=520  \\$aForecasting ecological responses to climate change, invasion, and their interaction must rely on understanding underlying mechanisms. However, such forecasts require extrapolation into new locations and environments. We linked demography and environment using experimental biogeography to forecast invasive and native species' potential ranges under present and future climate in New England, United States to overcome issues of extrapolation in novel environments. We studied two potentially nonequilibrium invasive plants' distributions, Alliaria petiolata (garlic mustard) and Berberis thunbergii (Japanese barberry), each paired with their native ecological analogs to better understand demographic drivers of invasions. Our models predict that climate change will considerably reduce establishment of a currently prolific invader (A. petiolata) throughout New England driven by poor demographic performance in warmer climates. In contrast, invasion of B. thunbergii will be facilitated because of higher growth and germination in warmer climates, with higher likelihood to establish farther north and in closed canopy habitats in the south. Invasion success is in high fecundity for both invasive species and demographic compensation for A. petiolata relative to native analogs. For A. petiolata, simulations suggest that eradication efforts would require unrealistic efficiency; hence, management should focus on inhibiting spread into colder, currently unoccupied areas, understanding source-sink dynamics, and understanding community dynamics should A. petiolata (which is allelopathic) decline. Our results-based on considerable differences with correlative occurrence models typically used for such biogeographic forecasts-suggest the urgency of incorporating mechanism into range forecasting and invasion management to understand how climate change may alter current invasion patterns.
=592  \\$aPublisher supplied data
=593  \\$aPubAg article
=596  \\$cUSDA
=596  \\$cUSDA
=506  0\$fUnrestricted online access$2star
=650  \3$aAlliaria petiolata
=650  \3$aBerberis thunbergii
=650  \3$abiogeography
=650  \3$acanopy
=650  \3$aclimate
=650  \3$aclimate change
=650  \3$acolonizing ability
=650  \3$adecline
=650  \3$ademography
=650  \3$afecundity
=650  \3$ageographical distribution
=650  \3$agermination
=650  \3$aindigenous species
=650  \3$ainvasive species
=651  \3$aNew England region
=700  1\$aBois, Sarah Treanor$eauthor$uLinda Loring Nature Foundation, Nantucket, MA 02554;
=700  1\$aAllen, Jenica M.$eauthor$uNatural Resources and the Environment, University of New Hampshire, Durham, NH 03824;
=700  1\$aXie, Yingying$eauthor$uDepartment of Geography, University at Buffalo, Buffalo, NY 14261
=700  1\$aSilander, John A.$eauthor$uEcology and Evolutionary Biology, University of Connecticut, Storrs, CT 06269;
=773  0\$tProceedings of the National Academy of Sciences.$dProceedings of the National Academy of Sciences$x0027-8424$7nnas
=787  1\$oislandora_article_repository
=787  1\$oproduct_pubag
=787  1\$o(Journal)jnl45680
=856  40$uhttps://handle.nal.usda.gov/10113/7344629$3Available in the National Agricultural Library PubAg search system
=856  40$uhttps://dx.doi.org/10.1073/pnas.1609633114$3Available from publisher's site
=912  \\$aArticle
=914  \\$aJournal:jnl45680$c114$d16$eE3276
=914  \\$fProceedings of the National Academy of Sciences
=916  \\$aBatch:10133
=917  \\$aissued
=918  2\$aCHORUS$eprovider$5DNAL
=935  \\$aIND607344629$9ExL
=949  \\$a2022-02-22
=955  \\$a/data/metadata/staging/chorus
=961  \\$aUSDA
=962  \\$aUSDA Scientist Submission
=962  \\$aUSDA Scientist Submission; eISSN 1091-6490
=974  \\$aagid:7344629
=979  \\$aArticle missing volume number
=984  \\$a2022-09-06
=985  \\$aXML source generated via Python using CHORUS API JSON data; converted to MODS with chorus_to_mods.xsl

