=LDR  05698nab a2201153 u 4500
=001  9915772461207426
=005  20221214225319.0
=008  140617e201407\\xx\|||||o|||||||||||eng||
=016  7\$aIND500902666$2DNAL
=024  7\$a24395589$2pmid
=024  7\$a295252$2aris
=024  7\$a10113/58932$2hdl
=024  7\$a10.1111/gcb.12520$2doi
=024  8\$ans4695
=035  \\$aagid:58932-01nal_inst
=040  \\$aAGL$beng$cAGL
=100  1\$aBassu, Simona$eauthor
=245  10$aHow do various maize crop models vary in their responses to climate change factors?
=300  \\$ap. 2301-2320.
=506  \\$aWorks produced by employees of the U.S. Government as part of their official duties are not copyrighted within the U.S. The content of this document is not copyrighted.
=520  \\$aPotential consequences of climate change on crop production can be studied using mechanistic crop simulation models. While a broad variety of maize simulation models exist, it is not known whether different models diverge on grain yield responses to changes in climatic factors, or whether they agree in their general trends related to phenology, growth, and yield. With the goal of analyzing the sensitivity of simulated yields to changes in temperature and atmospheric carbon dioxide concentrations [CO2], we present the largest maize crop model intercomparison to date, including 23 different models. These models were evaluated for four locations representing a wide range of maize production conditions in the world: Lusignan (France), Ames (USA), Rio Verde (Brazil) and Morogoro (Tanzania). While individual models differed considerably in absolute yield simulation at the four sites, an ensemble of a minimum number of models was able to simulate absolute yields accurately at the four sites even with low data for calibration, thus suggesting that using an ensemble of models has merit. Temperature increase had strong negative influence on modeled yield response of roughly -0.5 Mg ha-1 per °C. Doubling [CO2] from 360 to 720 µmol mol-1 increased grain yield by 7.5% on average across models and the sites. That would therefore make temperature the main factor altering maize yields at the end of this century. Furthermore, there was a large uncertainty in the yield response to [CO2] among models. Model responses to temperature and [CO2] did not differ whether models were simulated with low calibration information or, simulated with high level of calibration information.
=593  \\$aPubAg article
=593  \\$cUSDA submission
=594  \\$aEmbargoed article
=593  \\$eARIS manuscript
=650  \3$aZea mays
=650  \3$aair temperature
=650  \3$acarbon dioxide
=650  \3$aclimate change
=650  \3$aclimatic factors
=650  \3$acorn
=650  \3$acrop models
=650  \3$agrain yield
=650  \3$asimulation models
=650  \3$auncertainty
=651  \3$aBrazil
=651  \3$aFrance
=651  \3$aIowa
=651  \3$aTanzania
=700  1\$aBrisson, Nadine$eauthor
=700  1\$aDurand, Jean-Louis$eauthor
=700  1\$aBoote, Kenneth$eauthor
=700  1\$aLizaso, Jon$eauthor
=700  1\$aJones, James W.$eauthor
=700  1\$aRosenzweig, Cynthia$eauthor
=700  1\$aRuane, Alex C.$eauthor
=700  1\$aAdam, Myriam$eauthor
=700  1\$aBaron, Christian$eauthor
=700  1\$aBasso, Bruno$eauthor
=700  1\$aBiernath, Christian$eauthor
=700  1\$aBoogaard, Hendrik$eauthor
=700  1\$aConijn, Sjaak$eauthor
=700  1\$aCorbeels, Marc$eauthor
=700  1\$aDeryng, Delphine$eauthor
=700  1\$aDe Sanctis, Giacomo$eauthor
=700  1\$aGayler, Sebastian$eauthor
=700  1\$aGrassini, Patricio$eauthor
=700  1\$aHatfield, Jerry$eauthor
=700  1\$aHoek, Steven$eauthor
=700  1\$aIzaurralde, Cesar$eauthor
=700  1\$aJongschaap, Raymond$eauthor
=700  1\$aKemanian, Armen R.$eauthor
=700  1\$aKersebaum, K. Christian$eauthor
=700  1\$aKim, Soo-Hyung$eauthor
=700  1\$aKumar, Naresh S.$eauthor
=700  1\$aMakowski, David$eauthor
=700  1\$aMüller, Christoph$eauthor
=700  1\$aNendel, Claas$eauthor
=700  1\$aPriesack, Eckart$eauthor
=700  1\$aPravia, Maria Virginia$eauthor
=700  1\$aSau, Federico$eauthor
=700  1\$aShcherbak, Iurii$eauthor
=700  1\$aTao, Fulu$eauthor
=700  1\$aTeixeira, Edmar$eauthor
=700  1\$aTimlin, Dennis$eauthor
=700  1\$aWaha, Katharina$eauthor
=773  0\$tGlobal change biology.$g2014 July, v. 20, no. 7 p.2301-2320$dBlackwell Science$x1354-1013$7nnas
=787  1\$oislandora_article_repository
=787  1\$oproduct_pubag
=787  1\$o(Journal)jnl57021
=856  40$uhttps://handle.nal.usda.gov/10113/58932$3Available in the National Agricultural Library PubAg search system
=856  40$uhttp://dx.doi.org/10.1111/gcb.12520
=912  \\$aArticle
=914  \\$aJournal:jnl57021$b1354-1013$c20$d7$e2301
=914  \\$fGlobal change biology
=917  \\$aissued
=935  \\$aIND500902666$9ExL
=949  \\$a2014-08-19
=956  \\$aARIS submission$bhttp://submit-u.nal.usda.gov/system/files/submissions/Bassu%20et%20al%202014%20Global%20Chnage%20Biology%2020%202301-2320.pdf
=961  \\$aUSDA
=962  \\$aUSDA Scientist Submission
=962  \\$aBatch:609 annotated on 2014-07-01T09:01:23Z
=962  \\$aBatch:609 reviewed on 2014-08-18T16:00:02Z
=962  \\$aBatch:609 reviewed on 2014-08-19T04:00:02Z
=974  \\$aagid:58932
=983  \\$a2014-06-17
=984  \\$a2015-02-06
=985  \\$aUSDA submission converted from Drupal to MODS version 3.4 using submission2mods.xsl (Revision 1.002 2014/01/28)
=986  \\$ans4695

