=LDR  04300nab a2200757 u 4500
=001  9915772603207426
=005  20221214230855.0
=008  190318e201406\\xx\|||||o|||||||||||eng||
=016  7\$aIND500900955$2DNAL
=024  7\$a302769$2aris
=024  7\$a10113/58900$2hdl
=024  7\$a10.1016/j.jinsphys.2014.05.005$2doi
=024  8\$ans4664
=035  \\$aagid:58900-01nal_inst
=040  \\$aAGL$beng$cAGL
=100  1\$aSrygley, Robert B.$eauthor
=245  10$aEffects of temperature and moisture on Mormon cricket reproduction with implications for responses to climate change
=300  \\$ap. 57-62.
=506  \\$aWorks produced by employees of the U.S. Government as part of their official duties are not copyrighted within the U.S. The content of this document is not copyrighted.
=520  \\$aDuring the last decade, populations of flightless Mormon crickets Anabrus simplex (Orthoptera: Tettigoniidae) increased suddenly over vast areas of the Western United States, suggesting that climate is an important factor driving outbreaks. Moreover summer temperatures are predicted to increase and precipitation is expected to decrease in most areas of the U.S. Great Basin, but little is known of the response of Mormon crickets to changes in temperature and soil moisture. In a laboratory study, we varied ambient temperature and lighting and measured the propensity of mating pairs to mate, and the proportion of eggs that developed into embryos. We found that reproduction was optimal when ambient temperature reached 30°C and the insects were beneath broad-spectrum lights such that maternal body and soil temperatures reached 35°C. Fewer eggs that developed fully were laid when maternal body and soil temperatures reached 30°C or 37-39°C. We also varied initial soil moisture from 0% to 100% saturated and found that more eggs reached embryonic diapause when initial soil moisture was 25% or 50% of saturated volume. However more of the developed eggs hatched when treated in summer soils with 0-25% of saturated moisture. We conclude that small changes in temperature had large effects on reproduction, whereas large changes in moisture had very small effects on reproduction. This is the first report of Mormon crickets mating in a laboratory setting and laying eggs that hatched, facilitating further research on the role of maternal and embryonic environments in changes in population size.
=592  \\$aPublisher supplied data
=593  \\$aPubAg article
=593  \\$eARIS manuscript
=650  \3$aAnabrus simplex
=650  \3$aambient temperature
=650  \3$aclimate
=650  \3$aclimate change
=650  \3$adiapause
=650  \3$aeggs
=650  \3$apopulation size
=650  \3$areproduction
=650  \3$asoil temperature
=650  \3$asoil water
=650  \3$asummer
=653  \0$aDrought
=653  \0$aGlobal warming
=653  \0$aKatydid
=653  \0$aMaternal effect
=653  \0$aPlasticity
=653  \0$aRearing
=773  0\$tJournal of insect physiology.$g2014 June, v. 65 p.57-62$dElsevier Ltd$wJournal:jnl45772$x0022-1910$7nnas
=787  1\$oislandora_article_repository
=787  1\$oproduct_pubag
=787  1\$oislandora_pubag_with_text
=787  1\$o(Journal)jnl45772
=856  40$uhttps://dx.doi.org/10.1016/j.jinsphys.2014.05.005$3Available from publisher's site
=856  40$uhttps://handle.nal.usda.gov/10113/58900$3Available in the National Agricultural Library PubAg search system
=912  \\$aArticle
=914  \\$aJournal:jnl45772$b00221910$c65$e57
=914  \\$fJournal of insect physiology
=917  \\$aissued
=918  2\$aElsevier Consyn$eprovider$5DNAL
=935  \\$aIND500900955$9ExL
=949  \\$a2019-03-18
=953  \\$a/data/metadata/incoming/consyn/46-2-00011-HEAD-ONLY.zip
=954  \\$afile:/data/metadata/staging/consyn/S0022191014000808.xml
=955  \\$a/data/metadata/staging/consyn/
=956  \\$aARIS submission$bhttp://submit-u.nal.usda.gov/system/files/submissions/Srygley_302769.pdf
=961  \\$aUSDA
=962  \\$aUSDA Scientist Submission
=962  \\$aBatch:580 annotated on 2014-06-13T07:21:08Z
=962  \\$aBatch:580 reviewed on 2014-07-22T10:52:02Z
=974  \\$aagid:58900
=983  \\$a2019-03-18
=984  \\$a2019-03-18
=986  \\$ans4664

