=LDR  04987nab a2200709 u 4500
=001  9915772974707426
=005  20221121082415.0
=008  210524e202106\\xx\|||||o|||||||||||eng||
=016  7\$aIND607383451$2DNAL
=024  7\$a10.1111/gcb.15565$2doi
=035  \\$aagid:7383451-01nal_inst
=040  \\$aAGL$beng$cAGL
=100  1\$aAbendroth, Lori J.$eauthor$uDepartment of Agronomy, Iowa State University, Ames, IA, USA$1https://orcid.org/0000-0002-0176-7815
=245  10$aLengthening of maize maturity time is not a widespread climate change adaptation strategy in the US Midwest
=300  \\$ap. 2426-2440.
=500  \\$aNAL-AP-2-clean
=500  \\$aJOURNAL ARTICLE
=520  \\$aIncreasing temperatures in the US Midwest are projected to reduce maize yields because warmer temperatures hasten reproductive development and, as a result, shorten the grain fill period. However, there is widespread expectation that farmers will mitigate projected yield losses by planting longer season hybrids that lengthen the grain fill period. Here, we ask: (a) how current hybrid maturity length relates to thermal availability of the local climate, and (b) if farmers are shifting to longer season hybrids in response to a warming climate. To address these questions, we used county‐level Pioneer brand hybrid sales (Corteva Agriscience) across 17 years and 650 counties in 10 Midwest states (IA, IL, IN, MI, MN, MO, ND, OH, SD, and WI). Northern counties were shown to select hybrid maturities with growing degree day (GDD°C) requirements more closely related to the environmentally available GDD compared to central and southern counties. This measure, termed "thermal overlap," ranged from complete 106% in northern counties to a mere 63% in southern counties. The relationship between thermal overlap and latitude was fit using split‐line regression and a breakpoint of 42.8°N was identified. Over the 17‐years, hybrid maturities shortened across the majority of the Midwest with only a minority of counties lengthening in select northern and southern areas. The annual change in maturity ranged from −5.4 to 4.1 GDD year⁻¹ with a median of −0.9 GDD year⁻¹. The shortening of hybrid maturity contrasts with widespread expectations of hybrid maturity aligning with magnitude of warming. Factors other than thermal availability appear to more strongly impact farmer decision‐making such as the benefit of shorter maturity hybrids on grain drying costs, direct delivery to ethanol biorefineries, field operability, labor constraints, and crop genetics availability. Prediction of hybrid choice under future climate scenarios must include climatic factors, physiological‐genetic attributes, socio‐economic, and operational constraints.
=592  \\$aPublisher supplied data
=593  \\$aPubAg article
=596  \\$a2011‐68002‐30190$cUSDA‐NIFA
=650  \3$abiorefining
=650  \3$aclimate change
=650  \3$acorn
=650  \3$adecision making
=650  \3$aethanol
=650  \3$afarmers
=650  \3$afilling period
=650  \3$agenetics
=650  \3$aheat sums
=650  \3$ahybrids
=650  \3$alabor
=650  \3$alatitude
=650  \3$aprediction
=650  \3$asocioeconomics
=651  \3$aMidwestern United States
=700  1\$aMiguez, Fernando E.$eauthor$uDepartment of Agronomy, Iowa State University, Ames, IA, USA$1https://orcid.org/0000-0002-4627-8329
=700  1\$aCastellano, Michael J.$eauthor$uDepartment of Agronomy, Iowa State University, Ames, IA, USA$1https://orcid.org/0000-0003-1411-7931
=700  1\$aCarter, Paul R.$eauthor$uCorteva Agriscience, Johnston, IA, USA
=700  1\$aMessina, Carlos D.$eauthor$uCorteva Agriscience, Johnston, IA, USA$1https://orcid.org/0000-0002-5501-9281
=700  1\$aDixon, Philip M.$eauthor$uDepartment of Statistics, Iowa State University, Ames, IA, USA$1https://orcid.org/0000-0002-1778-0686
=700  1\$aHatfield, Jerry L.$eauthor$uUSDA‐ARS, National Laboratory for Agriculture and the Environment, Ames, IA, USA$1https://orcid.org/0000-0002-2981-8856
=773  0\$tGlobal change biology.$g2021 June, v. 27, no. 11 p.2426-2440$dJohn Wiley & Sons, Ltd$wJournal:jnl57021$x1354-1013$7nnas
=787  1\$oislandora_article_repository
=787  1\$oproduct_pubag
=787  1\$o(Journal)jnl57021
=856  40$uhttp://dx.doi.org/10.1111/gcb.15565$3Available from publisher's site
=912  \\$aArticle
=914  \\$aJournal:jnl57021$b1354-1013$c27$d11$e2426
=914  \\$fGlobal change biology
=916  \\$aBatch:10149
=917  \\$aissued
=918  2\$aJohn Wiley & Sons, Inc$eprovider$5DNAL
=935  \\$aIND607383451$9ExL
=949  \\$a2021-06-18
=953  \\$a/data/metadata/incoming/wiley/13541013_2021_27_11.xml
=954  \\$afile:/data/metadata/staging/wiley/13541013_2021_27_11.xml
=955  \\$a/data/metadata/staging/wiley/
=961  \\$aUSDA/ARS
=974  \\$aagid:7383451
=983  \\$a2021-05-24
=984  \\$a2021-06-18

