=LDR  05264nab a2200661 u 4500
=001  9915774119907426
=005  20221214223513.0
=008  220321e20210301xx\|||||o|||||||||||eng||
=016  7\$aIND607709367$2DNAL
=024  7\$a10113/7709367$2hdl
=024  7\$a373657$2aris
=024  7\$a10.1088/1748-9326/abe14b$2doi
=024  7\$a436575$2aris_accn_no
=024  7\$a3012-21610-003-00D$2aris_project_no
=024  7\$a373657$2seq_no_115
=035  \\$aagid:7709367-01nal_inst
=040  \\$aAGL$beng$cAGL
=100  1\$aVila, Montserrat$eauthor$uEstación Biológica de Doñana (EBD-CSIC), Av. Américo Vespucio 26, Isla de la Cartuja, 41092 Sevilla, Spain and Department of Plant Biology and Ecology, University of Sevilla, Sevilla 41012, Spain
=245  10$aUnderstanding the combined impacts of weeds and climate change on crops
=520  \\$aCrops worldwide are simultaneously affected by weeds, which reduce yield, and by climate change, which can negatively or positively affect both crop and weed species. While the individual effects of environmental change and of weeds on crop yield have been assessed, the combined effects have not been broadly characterized. To explore the simultaneous impacts of weeds with changes in climate-related environmental conditions on future food production, we conducted a meta-analysis of 171 observations measuring the individual and combined effects of weeds and elevated CO(2), drought or warming on 23 crop species. The combined effect of weeds and environmental change tended to be additive. On average, weeds reduced crop yield by 28%, a value that was not significantly different from the simultaneous effect of weeds and environmental change (27%), due to increased variability when acting together. The negative effect of weeds on crop yield was mitigated by elevated CO(2) and warming, but added to the negative effect of drought. The impact of weeds with environmental change was also dependent on the photosynthetic pathway of the weed/crop pair and on crop identity. Native and non-native weeds had similarly negative effects on yield, with or without environmental change. Weed impact with environmental change was also independent of whether the crop was infested with a single or multiple weed species. Since weed impacts remain negative under environmental change, our results highlight the need to evaluate the efficacy of different weed management practices under climate change. Understanding that the effects of environmental change and weeds are, on average, additive brings us closer to developing useful forecasts of future crop performance.
=593  \\$aPubAg article
=593  \\$eARIS manuscript
=650  \3$aclimate
=650  \3$aclimate change
=650  \3$acrop yield
=650  \3$acrops
=650  \3$adrought
=650  \3$afood production
=650  \3$ameta-analysis
=650  \3$aphotosynthesis
=650  \3$aresearch
=650  \3$aweed control
=650  \3$aweeds
=700  1\$aBeaury, Evelyn$eauthor$uOrganismic and Evolutionary Biology Graduate Program, University of Massachusetts, Amherst, MA 01003, United States of America
=700  1\$aBlumenthal, Dana M.$eauthor$uRangeland Resources & Systems Research Unit, USDA Agricultural Research Service, Fort Collins, CO 80526, United States of America$1https://orcid.org/0000-0001-7496-0766
=700  1\$aBradley, Bethany A.$eauthor$uOrganismic and Evolutionary Biology Graduate Program, University of Massachusetts, Amherst, MA 01003, United States of America and Department of Environmental Conservation, University of Massachusetts, Amherst, MA 01003, United States of America
=700  1\$aEarly, Regan$eauthor$uCentre for Ecology and Conservation, University of Exeter, Penryn Campus, Penryn TR109 9FE, United Kingdom
=700  1\$aLaginhas, Brittany E.$eauthor$uOrganismic and Evolutionary Biology Graduate Program, University of Massachusetts, Amherst, MA 01003, United States of America
=700  1\$aTrillo, Alejandro$eauthor$uEstación Biológica de Doñana (EBD-CSIC), Av. Américo Vespucio 26, Isla de la Cartuja, 41092 Sevilla, Spain
=700  1\$aDukes, Jeffrey S.$eauthor$uDepartment of Forestry and Natural Resources, Department of Biological Sciences, Purdue Climate Change Research Center, Purdue University, West Lafayette, IN 47907, United States of America
=700  1\$aSorte, Cascade J.$eauthor$uDepartment of Ecology and Evolutionary Biology, University of California, Irvine, CA 92697, United States of America
=700  1\$aIbanez, Ines$eauthor$uSchool for Environment and Sustainability, University of Michigan, Ann Arbor, MI 48109, United States of America
=773  0\$tEnvironmental research.$g2021 Mar. 1, v. 16, no. 3$wJournal:12442$x0013-9351$7nnas
=787  1\$oislandora_article_repository
=787  1\$oproduct_pubag
=787  1\$o(Journal)12442
=856  40$uhttp://dx.doi.org/10.1088/1748-9326/abe14b$3Available from publisher's Web site
=912  \\$aArticle
=914  \\$aJournal:12442$b0013-9351$c16$d3
=914  \\$fEnvironmental research
=917  \\$aissued
=935  \\$aIND607709367$9ExL
=949  \\$a2022-04-18
=952  \\$dNAL-AP-2-clean
=961  \\$bUSDA
=974  \\$aagid:7709367
=983  \\$a2022-03-21
=984  \\$a2022-04-06

