=LDR  04327nab a2200781 u 4500
=001  9915776826207426
=005  20221207080907.0
=008  200522e202006\\xx\|||||o|||||||||||eng||
=016  7\$aIND606961551$2DNAL
=024  7\$a10.1111/gcb.15087$2doi
=035  \\$aagid:6961551-01nal_inst
=040  \\$aAGL$beng$cAGL
=100  1\$aBachelot, Benedicte$eauthor$uDepartment of BioSciences, Rice University, Houston, TX, USA$1https://orcid.org/0000-0003-3348-9757
=245  10$aAltered climate leads to positive density‐dependent feedbacks in a tropical wet forest
=300  \\$ap. 3417-3428.
=500  \\$aNAL-AP-2-clean
=500  \\$aJOURNAL ARTICLE
=506  \\$aResource is Open Access
=506  \\$aWiley License Information
=520  \\$aClimate change is predicted to result in warmer and drier Neotropical forests relative to current conditions. Negative density‐dependent feedbacks, mediated by natural enemies, are key to maintaining the high diversity of tree species found in the tropics, yet we have little understanding of how projected changes in climate are likely to affect these critical controls. Over 3 years, we evaluated the effects of a natural drought and in situ experimental warming on density‐dependent feedbacks on seedling demography in a wet tropical forest in Puerto Rico. In the +4°C warming treatment, we found that seedling survival increased with increasing density of the same species (conspecific). These positive density‐dependent feedbacks were not associated with a decrease in aboveground natural enemy pressure. If positive density‐dependent feedbacks are not transient, the diversity of tropical wet forests, which may rely on negative density dependence to drive diversity, could decline in a future warmer, drier world.
=592  \\$aPublisher supplied data
=593  \\$aPubAg article
=596  \\$cUSDA$dhttps://doi.org/10.13039/100000199
=596  \\$cUSDOE$dhttps://doi.org/10.13039/100000015
=596  \\$cUSGS$dhttps://doi.org/10.13039/100000203
=596  \\$aDE‐SC‐0011806$cUS Department of Energy
=596  \\$a89243018S‐SC‐000014$cUS Department of Energy
=596  \\$aDE‐SC‐0018942$cUS Department of Energy
=596  \\$cUS Geological Survey
=596  \\$cUSDA
=596  \\$cUniversity of Puerto Rico‐Río Piedras
=506  0\$fUnrestricted online access$2star
=650  \3$aNeotropics
=650  \3$aclimate change
=650  \3$aconspecificity
=650  \3$ademography
=650  \3$adrought
=650  \3$anatural enemies
=650  \3$aseedlings
=650  \3$atrees
=650  \3$atropical rain forests
=651  \3$aPuerto Rico
=700  1\$aAlonso‐Rodríguez, Aura M.$eauthor$uUSDA Forest Service International Institute of Tropical Forestry, Jardín Botánico Sur, Río Piedras, Puerto Rico
=700  1\$aAldrich‐Wolfe, Laura$eauthor$uDepartment of Biological Sciences, North Dakota State University, Fargo, ND, USA
=700  1\$aCavaleri, Molly A.$eauthor$uSchool of Forest Resources and Environmental Science, Michigan Technological University, Houghton, MI, USA
=700  1\$aReed, Sasha C.$eauthor$uSouthwest Biological Science Center, US Geological Survey, Moab, UT, USA
=700  1\$aWood, Tana E.$eauthor$uUSDA Forest Service International Institute of Tropical Forestry, Jardín Botánico Sur, Río Piedras, Puerto Rico$1https://orcid.org/0000-0001-6322-6224
=773  0\$tGlobal change biology.$g2020 June, v. 26, no. 6 p.3417-3428$dJohn Wiley & Sons, Ltd$wJournal:jnl57021$x1354-1013$7nnas
=787  1\$oislandora_article_repository
=787  1\$oproduct_pubag
=787  1\$o(Journal)jnl57021
=856  40$uhttp://dx.doi.org/10.1111/gcb.15087$3Available from publisher's site
=903  \\$aVersion of Record
=912  \\$aArticle
=914  \\$aJournal:jnl57021$b1354-1013$c26$d6$e3417
=914  \\$fGlobal change biology
=916  \\$aBatch:10149
=917  \\$aissued
=918  2\$aJohn Wiley & Sons, Inc$eprovider$5DNAL
=935  \\$aIND606961551$9ExL
=949  \\$a2021-06-18
=953  \\$a/data/metadata/incoming/wiley/13541013_2020_26_6.xml
=954  \\$afile:/data/metadata/staging/wiley/13541013_2020_26_6.xml
=955  \\$a/data/metadata/staging/wiley/
=961  \\$aUSDA/FS
=974  \\$aagid:6961551
=983  \\$a2020-05-22
=984  \\$a2021-06-18

