=LDR  05808nab a2200757 u 4500
=001  9915783190907426
=005  20221207050950.0
=008  181228e201812\\xx\|||||o|||||||||||eng||
=016  7\$aIND605952196$2DNAL
=024  7\$a10.1186/s13021-018-0095-3$2doi
=024  7\$a10.1186/s13021-018-0095-3$2chorus
=024  7\$aPMC5974992$2pmcid
=024  7\$a29845384$2pmid
=035  \\$aagid:5952196-01nal_inst
=040  \\$aAGL$beng$cAGL
=100  1\$aOgle, Stephen M.$eauthor$uNatural Resource Ecology Laboratory and Department of Ecosystem Science and Sustainability, Colorado State University, Fort Collins, CO, 80523, USA. Stephen.Ogle@colostate.edu
=245  10$aDelineating managed land for reporting national greenhouse gas emissions and removals to the United Nations framework convention on climate change
=300  \\$ap. 9.
=500  \\$aReview
=506  \\$aResource is Open Access$uhttp://purl.org/eprint/accessRights/OpenAccess
=520  \\$aLand use and management activities have a substantial impact on carbon stocks and associated greenhouse gas emissions and removals. However, it is challenging to discriminate between anthropogenic and non-anthropogenic sources and sinks from land. To address this problem, the Intergovernmental Panel on Climate Change developed a managed land proxy to determine which lands are contributing anthropogenic greenhouse gas emissions and removals. Governments report all emissions and removals from managed land to the United Nations Framework Convention on Climate Change based on this proxy, and policy interventions to reduce emissions from land use are expected to focus on managed lands. Our objective was to review the use of the managed land proxy, and summarize the criteria that governments have applied to classify land as managed and unmanaged. We found that the large majority of governments are not reporting on their application of the managed land proxy. Among the governments that do provide information, most have assigned all area in specific land uses as managed, while designating all remaining lands as unmanaged. This designation as managed land is intuitive for croplands and settlements, which would not exist without management interventions, but a portion of forest land, grassland, and wetlands may not be managed in a country. Consequently, Brazil, Canada and the United States have taken the concept further and delineated managed and unmanaged forest land, grassland and wetlands, using additional criteria such as functional use of the land and accessibility of the land to anthropogenic activity. The managed land proxy is imperfect because reported emissions from any area can include non-anthropogenic sources, such as natural disturbances. However, the managed land proxy does make reporting of GHG emissions and removals from land use more tractable and comparable by excluding fluxes from areas that are not directly influenced by anthropogenic activity. Moreover, application of the managed land proxy can be improved by incorporating additional criteria that allow for further discrimination between managed and unmanaged land.
=592  \\$aPublisher supplied data
=593  \\$aPubAg article
=596  \\$a13-CR-11242305-098$cU.S. Forest Service
=506  0\$fUnrestricted online access$2star
=650  \3$aUnited Nations Framework Convention on Climate Change
=650  \3$aanthropogenic activities
=650  \3$acarbon sinks
=650  \3$aclimate change
=650  \3$acropland
=650  \3$agrasslands
=650  \3$agreenhouse gas emissions
=650  \3$aissues and policy
=650  \3$aland use
=650  \3$awetlands
=651  \3$aBrazil
=651  \3$aCanada
=651  \3$aUnited States
=700  1\$aDomke, Grant$eauthor$uUSDA Forest Service, Northern Research Station, 1992 Folwell Avenue, St. Paul, MN, 55108, USA
=700  1\$aKurz, Werner A.$eauthor$uNatural Resources Canada, Canadian Forest Service, 506 West Burnside Road, Victoria, BC, V8Z 1M5, Canada
=700  1\$aRocha, Marcelo T.$eauthor$uFábrica Éthica Brasil, Av. Cassatella 177, Jundiaí, 13218-55, Brazil
=700  1\$aHuffman, Ted$eauthor$uAgriculture and Agri-Food Canada, 960 Carling Ave, Ottawa, ON, K1A 0C6, Canada
=700  1\$aSwan, Amy$eauthor$uNatural Resource Ecology Laboratory, Colorado State University, Fort Collins, CO, 80523, USA
=700  1\$aSmith, James E.$eauthor$uUSDA Forest Service, Northern Research Station, Forest Sciences Laboratory, 271 Mast Road, Durham, NH, 03824, USA
=700  1\$aWoodall, Christopher$eauthor$uNational Institute for Space Research, Ministry of Science, Technology, Innovation and Communication (INPE/MCTIC), São José dos Campos, São Paulo, Brazil
=700  1\$aKrug, Thelma$eauthor$uNational Institute for Space Research, Ministry of Science, Technology, Innovation and Communication (INPE/MCTIC), São José dos Campos, São Paulo, Brazil
=773  0\$tCarbon balance and management.$g2018 Dec., v. 13, no. 1 p.9-9$dSpringer International Publishing$wJournal:19518$x1750-0680$7nnas
=787  1\$oislandora_article_repository
=787  1\$oproduct_pubag
=787  1\$o(Journal)19518
=856  40$uhttp://dx.doi.org/10.1186/s13021-018-0095-3$3Available from publisher's site
=912  \\$aArticle
=914  \\$aJournal:19518$b1750-0680$c13$d1$e9
=914  \\$fCarbon balance and management
=916  \\$aBatch:2002
=917  \\$aissued
=918  2\$aSpringer$eprovider$5DNAL
=935  \\$aIND605952196$9ExL
=949  \\$a2020-03-06
=953  \\$a/data/metadata/incoming/springer/ftp_PUB_18-12-28_05-34-59.zip
=954  \\$afile:/data/metadata/staging/springer/13021-13-1.xml
=955  \\$a/data/metadata/staging/springer/
=961  \\$aUSDA/FS
=974  \\$aagid:5952196
=983  \\$a2018-12-28
=984  \\$a2020-09-28

