=LDR  05374nab a2200709 u 4500
=001  9915785830807426
=005  20221122125813.0
=008  210121e20190325xx\|||||o|||||||||||eng||
=016  7\$aIND606264530$2DNAL
=024  7\$a10.1016/j.scitotenv.2018.12.213$2doi
=035  \\$aagid:6264530-01nal_inst
=040  \\$aAGL$beng$cAGL
=100  1\$aJeon, Dong Jin$eauthor$uUSDA-ARS, Environmental Microbial and Food Safety Laboratory, 10300 Baltimore Avenue, Building 173, BARC-East, Beltsville, MD, 20705, USA
=245  10$aEvaluating the influence of climate change on the fate and transport of fecal coliform bacteria using the modified SWAT model
=300  \\$ap. 753-762.
=520  \\$aFecal coliform bacteria (FCB) contamination of natural waters is a serious public health issue. Therefore, understanding and anticipating the fate and transport of FCB are important for reducing the risk of contracting diseases. The objective of this study was to analyze the impacts of climate change on the fate and transport of FCB. We modified both the soil and the in-stream bacteria modules in the soil and water assessment tool (SWAT) model and verified the prediction accuracy of seasonal variability of FCB loads using observations. Forty bias-correcting GCM-RCM projections were applied in the modified SWAT model to examine various future climate conditions at the end of this century (2076-2100). Lastly, we also compared the variability of FCB loads under current and future weather conditions using multi-model ensemble simulations (MMES). The modified SWAT model yielded a satisfactory performance with regard to the seasonal variability of FCB amounts in the soil and FCB loading to water bodies. The modified SWAT model presented substantial proliferation of FCB in the soil (30.1%-147.5%) due to an increase in temperature (25.1%). Also, increase in precipitation (53.3%) led to an increase in FCB loads (96.0%-115.5%) from the soil to water body. In the in-stream environment, resuspension from the stream bed was the dominant process affecting the amount of FCB in stream. Therefore, the final FCB loads increased by 71.2% because of the growing peak channel velocity and volume of water used due to an increase in precipitation. Based on the results of MMES, we concluded that the level of FCB would increase simultaneously in the soil as well as in stream by the end of this century. This study will aid in understanding the future variability of FCB loads as well as in preparing an effective management plan for FCB levels in natural waters.
=592  \\$aPublisher supplied data
=593  \\$aPubAg article
=650  \3$aSoil and Water Assessment Tool model
=650  \3$aclimate
=650  \3$aclimate change
=650  \3$acoliform bacteria
=650  \3$afecal bacteria
=650  \3$aprediction
=650  \3$apublic health
=650  \3$aseasonal variation
=650  \3$asoil
=650  \3$astream channels
=650  \3$asurface water
=650  \3$atemperature
=650  \3$aweather
=653  \0$aClimate change
=653  \0$aFecal coliform bacteria
=653  \0$aSoil and water assessment tool
=653  \0$aFate and transport
=700  1\$aLigaray, Mayzonee$eauthor$uSchool of Urban and Environmental Engineering, Ulsan National Institute of Science and Technology, Ulsan 44919, Republic of Korea
=700  1\$aKim, Minjeong$eauthor$uSchool of Urban and Environmental Engineering, Ulsan National Institute of Science and Technology, Ulsan 44919, Republic of Korea
=700  1\$aKim, Gayoung$eauthor$uSchool of Urban and Environmental Engineering, Ulsan National Institute of Science and Technology, Ulsan 44919, Republic of Korea$1https://orcid.org/0000-0001-9136-056X
=700  1\$aLee, Gil$eauthor$uSchool of Urban and Environmental Engineering, Ulsan National Institute of Science and Technology, Ulsan 44919, Republic of Korea
=700  1\$aPachepsky, Yakov A.$eauthor$uUSDA-ARS, Environmental Microbial and Food Safety Laboratory, 10300 Baltimore Avenue, Building 173, BARC-East, Beltsville, MD, 20705, USA
=700  1\$aCha, Dong-Hyun$eauthor$uSchool of Urban and Environmental Engineering, Ulsan National Institute of Science and Technology, Ulsan 44919, Republic of Korea$1https://orcid.org/0000-0001-5053-6741
=700  1\$aCho, Kyung Hwa$eauthor$uSchool of Urban and Environmental Engineering, Ulsan National Institute of Science and Technology, Ulsan 44919, Republic of Korea
=773  0\$tScience of the total environment.$g2019 Mar. 25, v. 658 p.753-762$dElsevier B.V.$wJournal:jnl4455$x0048-9697$7nnas
=787  1\$oislandora_article_repository
=787  1\$oproduct_pubag
=787  1\$o(Journal)jnl4455
=856  40$uhttps://dx.doi.org/10.1016/j.scitotenv.2018.12.213$3Available from publisher's site
=912  \\$aArticle
=914  \\$aJournal:jnl4455$b0048-9697
=914  \\$fScience of the total environment
=916  \\$aBatch:2138
=917  \\$aissued
=918  2\$aElsevier Consyn$eprovider$5DNAL
=935  \\$aIND606264530$9ExL
=949  \\$a2019-03-13
=953  \\$a/data/metadata/incoming/consyn/129796534493178462-00002-HEAD-ONLY-NEW CONSYN ISSNS.ZIP
=954  \\$afile:/data/metadata/staging/consyn/S0048969718350769.xml
=955  \\$a/data/metadata/staging/consyn/
=961  \\$aUSDA/ARS
=974  \\$aagid:6264530
=983  \\$a2021-01-21
=984  \\$a2021-01-21

