=LDR  05094nab a2200625 u 4500
=001  9915787206907426
=005  20221120102500.0
=008  190816e201904\\xx\|||||o|||||||||||eng||
=016  7\$aIND606381605$2DNAL
=024  7\$a10.1007/s10584-019-02393-x$2doi
=035  \\$aagid:6381605-01nal_inst
=040  \\$aAGL$beng$cAGL
=100  1\$aChen, Jie$eauthor$uState Key Laboratory of Water Resources & Hydropower Engineering Science, Wuhan University, 299 Bayi Road, Wuchang Distinct, Wuhan, 430072, Hubei, China. jiechen@whu.edu.cn$1https://orcid.org/0000-0001-8260-3160
=245  10$aBias correcting climate model multi-member ensembles to assess climate change impacts on hydrology
=300  \\$ap. 361-377.
=520  \\$aBias correction is usually applied to climate model outputs before they are used as inputs to environmental models for impact studies. Every climate model is post-processed independently of others to account for biases originating from model structure and internal variability. To better understand the role of internal variability, multi-member ensembles (multiple runs of a single climate model, with identical forcing but different initial conditions) have now become common in the modeling community. Bias correcting such ensembles requires specific considerations. Correcting all members of such an ensemble independently would force all of them to the target distribution, thus removing the signature of natural variability over the calibration period. How this undesirable effect would propagate onto subsequent time periods is unknown. This study proposes three bias correction variants of a multi-member ensemble and compares their performances against an independent correction of each individual member of the ensemble. The comparison is based on precipitation and temperature, as well as on resulting streamflows simulated by a hydrological model. Two multi-member ensembles (5-member CanESM2 and 10-member CSIRO-MK3.6) were used for a subtropical monsoon watershed in China. The results show that all bias correction methods reduce precipitation and temperature biases for all ensemble members. As expected, independent correction reduces the spread of each ensemble over the calibration period. This is, however, followed by an overestimation of the spread over the subsequent validation period. Pooling all members to calculate common bias correction factors produces the best results over the calibration period; however, the difference among three bias correction variants becomes less clear over the validation period due to internal variability, and even less so when considering streamflows, as the impact model adds its own uncertainty.
=592  \\$aPublisher supplied data
=593  \\$aPubAg article
=596  \\$a51779176, 51539009$cNational Natural Science Foundation of China
=596  \\$aB18037$cthe Overseas Expertise Introduction Project for Discipline Innovation (111 Project) funded by Ministry of Education and State Administration of Foreign Experts Affairs P.R. China
=596  \\$a2017YFA0603704$cNational Key Research and Development Program of China
=650  \3$aclimate change
=650  \3$aclimate models
=650  \3$ahydrologic models
=650  \3$amonsoon season
=650  \3$astream flow
=650  \3$atemperature
=650  \3$auncertainty
=650  \3$awatersheds
=651  \3$aChina
=700  1\$aBrissette, François P.$eauthor$uÉcole de technologie supérieure, Université du Québec, 1100 Notre-Dame Street West, Montreal QC, H3C 1K3, Canada
=700  1\$aZhang, Xunchang J.$eauthor$uUSDA-ARS, Grazinglands Research Laboratory, 7207W. Cheyenne St., El Reno, OK, 73036, USA
=700  1\$aChen, Hua$eauthor$uState Key Laboratory of Water Resources & Hydropower Engineering Science, Wuhan University, 299 Bayi Road, Wuchang Distinct, Wuhan, 430072, Hubei, China
=700  1\$aGuo, Shenglian$eauthor$uState Key Laboratory of Water Resources & Hydropower Engineering Science, Wuhan University, 299 Bayi Road, Wuchang Distinct, Wuhan, 430072, Hubei, China
=700  1\$aZhao, Yan$eauthor$uHuaian Hydraulic Survey and Design Institute Co., Ltd., 26 Shenzhen road, Qingjiangpu Distinct, Huaian, 223003, Jiangsu, China
=773  0\$tClimatic change.$g2019 Apr., v. 153, no. 3 p.361-377$dSpringer Netherlands$wJournal:jnl8952$x0165-0009$7nnas
=787  1\$oislandora_article_repository
=787  1\$oproduct_pubag
=787  1\$o(Journal)jnl8952
=856  40$uhttps://dx.doi.org/10.1007/s10584-019-02393-x$3Available from publisher's site
=912  \\$aArticle
=914  \\$aJournal:jnl8952$b0165-0009$c153$d3$e361
=914  \\$fClimatic change
=916  \\$aBatch:2228
=917  \\$aissued
=918  2\$aSpringer$eprovider$5DNAL
=935  \\$aIND606381605$9ExL
=949  \\$a2019-08-16
=953  \\$a/data/metadata/incoming/springer/ftp_PUB_19-08-16_05-34-32.zip
=954  \\$afile:/data/metadata/staging/springer/10584-153-3.xml
=955  \\$a/data/metadata/staging/springer/
=961  \\$aUSDA/ARS
=974  \\$aagid:6381605
=983  \\$a2019-08-16
=984  \\$a2019-08-16

