=LDR  04779nab a2200649 u 4500
=001  9915794190907426
=005  20221122054705.0
=008  220606e20220701xx\|||||o|||||||||||eng||
=016  7\$aIND607724489$2DNAL
=024  7\$a10.1016/j.jenvman.2022.114944$2doi
=035  \\$aagid:7724489-01nal_inst
=040  \\$aAGL$beng$cAGL
=100  1\$aWang, Junbang$eauthor$uNational Ecosystem Science Data Center, Key Laboratory of Ecosystem Network Observation and Modeling, Institute of Geographic Sciences and Natural Resources Research, Chinese Academy of Sciences, Beijing, 100101, China
=245  10$aPixel-scale historical-baseline-based ecological quality: Measuring impacts from climate change and human activities from 2000 to 2018 in China
=520  \\$aWidespread concern about ecological degradation has prompted development of concepts and exploration of methods to quantify ecological quality with the aim of measuring ecosystem changes to contribute to future policy-making. This paper proposes a conceptual framework for ecological quality measurement based on current ecosystem functions and biodiverse habitat, compared with pixel-scale historical baselines. The framework was applied to evaluate the changes and driving factors of ecological quality for Chinese terrestrial ecosystems through remote sensing-based and ecosystem process modeled data at 1 km spatial resolution from 2000 to 2018. The results demonstrated the ecological quality index (EQI) had a very different spatial pattern based upon vegetation distribution. An upward trend in EQI was found over most areas, and variability of 46.95% in EQI can be explained well by change in climate, with an additional 10.64% explained by changing human activities, quantified by population density. This study demonstrated a practical and objective approach for quantifying and assessing ecological quality, which has application potential in ecosystem assessments on scales from local to region and nation, yet would provide a new scientific concept and paradigm for macro ecosystems management and decision-making by governments.
=592  \\$aPublisher supplied data
=593  \\$aPubAg article
=650  \3$aclimate
=650  \3$aclimate change
=650  \3$adecision making
=650  \3$aenvironmental degradation
=650  \3$aenvironmental management
=650  \3$ahabitats
=650  \3$ahumans
=650  \3$apopulation density
=650  \3$apopulation distribution
=651  \3$aChina
=653  \0$aEcosystem functions
=653  \0$aClimate change
=653  \0$aHuman activities
=653  \0$aChinese terrestrial ecosystems
=700  1\$aDing, Yuefan$eauthor$uNational Ecosystem Science Data Center, Key Laboratory of Ecosystem Network Observation and Modeling, Institute of Geographic Sciences and Natural Resources Research, Chinese Academy of Sciences, Beijing, 100101, China
=700  1\$aWang, Shaoqiang$eauthor$uNational Ecosystem Science Data Center, Key Laboratory of Ecosystem Network Observation and Modeling, Institute of Geographic Sciences and Natural Resources Research, Chinese Academy of Sciences, Beijing, 100101, China
=700  1\$aWatson, Alan E.$eauthor$uUSDA Forest Service, Rocky Mountain Research Station, Missoula, MT, 59801, USA
=700  1\$aHe, Honglin$eauthor$uNational Ecosystem Science Data Center, Key Laboratory of Ecosystem Network Observation and Modeling, Institute of Geographic Sciences and Natural Resources Research, Chinese Academy of Sciences, Beijing, 100101, China
=700  1\$aYe, Hui$eauthor$uSchool of Tourism and Geography, Jiujiang University, Jiujiang, 332005, China
=700  1\$aOuyang, Xihuang$eauthor$uSchool of Tourism and Geography, Jiujiang University, Jiujiang, 332005, China
=700  1\$aLi, Yingnian$eauthor$uNorthwest Institute of Plateau Biology, Chinese Academy of Sciences, Xining, 810008, China
=773  0\$tJournal of environmental management.$g2022 July 01, v. 313 p.114944-$dElsevier Ltd$wJournal:2018$x0301-4797$7nnas
=787  1\$oislandora_article_repository
=787  1\$oproduct_pubag
=787  1\$o(Journal)2018
=856  40$uhttps://dx.doi.org/10.1016/j.jenvman.2022.114944$3Available from publisher's site
=912  \\$aArticle
=914  \\$aJournal:2018$b0301-4797$c313$e114944
=914  \\$fJournal of environmental management
=917  \\$aissued
=918  2\$aElsevier Consyn$eprovider$5DNAL
=935  \\$aIND607724489$9ExL
=949  \\$a2022-04-04
=953  \\$a/data/metadata/incoming/consyn/152621049099972364-00004-HEAD-ONLY-NEW CONSYN ISSNS.zip
=954  \\$afile:/data/metadata/staging/consyn/S0301479722005175.xml
=955  \\$a/data/metadata/staging/consyn/
=961  \\$aUSDA/FS
=974  \\$aagid:7724489
=983  \\$a2022-06-06
=984  \\$a2022-06-06

