=LDR  05029nab a2200781 u 4500
=001  9915796570607426
=005  20221120123313.0
=008  200509e20170301xx\|||||o|||||||||||eng||
=016  7\$aIND605883106$2DNAL
=024  7\$a10.1002/ehs2.1264$2doi
=035  \\$aagid:5883106-01nal_inst
=040  \\$aAGL$beng$cAGL
=100  1\$aMccollum, Daniel W.$eauthor$uRocky Mountain Research Station, USDA, Forest Service, 240 W. Prospect Road Fort Collins, Colorado,  80526USA
=245  10$aClimate change effects on rangelands and rangeland management: affirming the need for monitoring
=520  \\$aUncertainty as to the extent and magnitude of changes in conditions that might occur due to climate change poses a problem for land and resource managers as they seek to adapt to changes and mitigate effects of climate variability. We illustrate using scenarios of projected future conditions on rangelands in the Northern Great Plains and Desert Southwest of the United States. These two regions are different in the ways climate change is projected to affect the regions. Projection of a longer and warmer growing season in the Northern Great Plains could lead to increased forage production and land productivity. Highly uncertain effects on summer monsoons that primarily control rangeland productivity in the Desert Southwest, combined with the possibility of more intense and/or frequent drought events, could present land managers with challenges stemming from decreased forage production and land productivity. Climate projections, though uncertain, provide land managers with basic insight into future conditions they might encounter. They need more. A focus on vulnerability and resilience, with explicit recognition of interactions between ecological and socio‐economic factors, coupled with systematic monitoring and assessment of observable conditions on the land to supplement information based on climate projections, will more effectively provide critical and specific information managers need to adaptively manage rangelands under uncertain climate futures.
=592  \\$aPublisher supplied data
=593  \\$aPubAg article
=650  \3$aclimate
=650  \3$aclimate change
=650  \3$adrought
=650  \3$aforage production
=650  \3$agrowing season
=650  \3$aland productivity
=650  \3$amonitoring
=650  \3$amonsoon season
=650  \3$arange management
=650  \3$arangelands
=650  \3$asocioeconomic factors
=650  \3$asummer
=650  \3$auncertainty
=651  \3$aGreat Plains region
=651  \3$aUnited States
=653  \0$aadaptive management
=653  \0$aclimate change
=653  \0$aindicators
=653  \0$amonitoring
=653  \0$arangelands
=653  \0$aresilience
=653  \0$auncertainty
=653  \0$avulnerability
=700  1\$aTanaka, John A.$eauthor$uJames C. Hageman Sustainable Agriculture Research and Extension Center, University of Wyoming, Dept 3354, 1000 E. University AvenueLaramie, Wyoming,  82071USA
=700  1\$aMorgan, Jack A.$eauthor$uUSDA ARS, Rangelands Resources Research Unit, 8408 Hildreth RoadCheyenne, Wyoming,  82009USA
=700  1\$aMitchell, John E.$eauthor$uRocky Mountain Research Station, USDA, Forest Service, 240 W. Prospect Road Fort Collins, Colorado,  80526USA
=700  1\$aFox, William E.$eauthor$uTexas A&M AgriLife Research, Ecosystem Science & Management, 720 E. Blackland RoadTemple, Texas,  76502USA
=700  1\$aMaczko, Kristie A.$eauthor$uJames C. Hageman Sustainable Agriculture Research and Extension Center, University of Wyoming, Dept 3354, 1000 E. University AvenueLaramie, Wyoming,  82071USA
=700  1\$aHidinger, Lori$eauthor$uConsortium for Science, Policy, and Outcomes, Arizona State University, PO Box 875603 Tempe, Arizona,  85287USA
=700  1\$aDuke, Clifford S.$eauthor$uEcological Society of America, 1990 M Street, NW, Suite 700Washington, D.C,  20036USA
=700  1\$aKreuter, Urs P.$eauthor$uEcosystem Science and Management, Texas A&M University, 2138 TAMUCollege Station, Texas,  77843USA
=773  0\$tEcosystem health and sustainability.$g2017 Mar. 1, v. 3, no. 3 p.e01264-$dTaylor & Francis$wJournal:23063$x2332-8878$7nnas
=787  1\$oislandora_article_repository
=787  1\$oproduct_pubag
=787  1\$o(Journal)23063
=856  40$uhttp://dx.doi.org/10.1002/ehs2.1264$3Available from publisher's site
=912  \\$aArticle
=914  \\$aJournal:23063$b2332-8878$c3$d3$ee01264
=914  \\$fEcosystem health and sustainability
=916  \\$aBatch:2238
=917  \\$aissued
=918  2\$aTaylor & Francis Group$eprovider$5DNAL
=935  \\$aIND605883106$9ExL
=949  \\$a2019-07-02
=953  \\$a/data/metadata/incoming/taylorfrancis/tehs20_tehs20.v003.i03_20200416221211#20046802.zip
=954  \\$afile:/data/metadata/staging/taylorfrancis/ehs2.1264.xml
=955  \\$a/data/metadata/staging/taylorfrancis/
=961  \\$aUSDA/ARSUSDA/FS
=974  \\$aagid:5883106
=983  \\$a2020-05-09
=984  \\$a2020-09-29

