=LDR  04397nab a2200793 u 4500
=001  9915796585307426
=005  20221120122552.0
=008  200509e20160901xx\|||||o|||||||||||eng||
=016  7\$aIND605883103$2DNAL
=024  7\$a10.1002/ehs2.1240$2doi
=035  \\$aagid:5883103-01nal_inst
=040  \\$aAGL$beng$cAGL
=100  1\$aJoyce, Chris B.$eauthor$uAquatic Research Centre, School of Environment and Technology, University of Brighton, Brighton,  BN11 4NRUK
=245  10$aFuture wet grasslands: ecological implications of climate change
=520  \\$aWet grasslands are threatened by future climate change, yet these are vital ecosystems for both conservation and agriculture, providing livelihoods for millions of people. These biologically diverse, transitional wetlands are defined by an abundance of grasses and periodic flooding, and maintained by regular disturbances such as grazing or cutting. This study summarizes relevant climate change scenarios projected by the Intergovernmental Panel on Climate Change and identifies implications for wet grasslands globally and regionally. Climate change is predicted to alter wet grassland hydrology, especially through warming, seasonal precipitation variability, and the severity of extreme events such as droughts and floods. Changes in the diversity, composition, and productivity of vegetation will affect functional and competitive relations between species. Extreme storm or flood events will favor ruderal plant species able to respond rapidly to environmental change. In some regions, wet grasslands may dry out during heatwaves and drought. C₄ grasses and invasive species could benefit from warming scenarios, the latter facilitated by disturbances such as droughts, floods, and possibly wildfires. Agriculture will be affected as forage available for livestock will likely become less reliable, necessitating adaptations to cutting and grazing regimes by farmers and conservation managers, and possibly leading to land abandonment. It is recommended that agri‐environment schemes, and other policies and practices, are adapted to mitigate climate change, with greater emphasis on water maintenance, flexible management, monitoring, and restoration of resilient wet grasslands.
=592  \\$aPublisher supplied data
=593  \\$aPubAg article
=650  \3$aC4 plants
=650  \3$aabandoned land
=650  \3$aagri-environmental policy
=650  \3$aclimate change
=650  \3$acutting
=650  \3$adrought
=650  \3$aecosystems
=650  \3$afarmers
=650  \3$afloods
=650  \3$aforage
=650  \3$agrasses
=650  \3$agrasslands
=650  \3$agrazing
=650  \3$ainvasive species
=650  \3$alivelihood
=650  \3$alivestock
=650  \3$amonitoring
=650  \3$astorms
=650  \3$awetlands
=650  \3$awildfires
=653  \0$aagricultural production
=653  \0$abiodiversity
=653  \0$aclimate extremes
=653  \0$adisturbance
=653  \0$adrought
=653  \0$aecosystem services
=653  \0$aflooding
=653  \0$amitigation
=653  \0$aSpecial Feature: Wetlands and Global Climate and Land‐use Change
=653  \0$awetland
=700  1\$aSimpson, Matthew$eauthor$uWWT Consulting, Slimbridge, Gloucestershire,  GL2 7BTUK
=700  1\$aCasanova, Michelle$eauthor$uSchool of Applied and Biomedical Sciences, Federation University,  PO Box 663, Ballarat, Victoria,  3353Australia
=773  0\$tEcosystem health and sustainability.$g2016 Sept. 1, v. 2, no. 9 p.e01240-$dTaylor & Francis$wJournal:23063$x2332-8878$7nnas
=787  1\$oislandora_article_repository
=787  1\$oproduct_pubag
=787  1\$o(Journal)23063
=856  40$uhttp://dx.doi.org/10.1002/ehs2.1240$3Available from publisher's site
=912  \\$aArticle
=914  \\$aJournal:23063$b2332-8878$c2$d9$ee01240
=914  \\$fEcosystem health and sustainability
=916  \\$aBatch:2238
=917  \\$aissued
=918  2\$aTaylor & Francis Group$eprovider$5DNAL
=935  \\$aIND605883103$9ExL
=949  \\$a2019-07-02
=953  \\$a/data/metadata/incoming/taylorfrancis/tehs20_tehs20.v002.i09_20200416221148#20046796.zip
=954  \\$afile:/data/metadata/staging/taylorfrancis/ehs2.1240.xml
=955  \\$a/data/metadata/staging/taylorfrancis/
=961  \\$aUSDA/FS
=974  \\$aagid:5883103
=983  \\$a2020-05-09
=984  \\$a2020-09-29

