=LDR  04168nab a2200733 u 4500
=001  9915797512907426
=005  20221120122807.0
=008  190403e20170531xx\|||||o|||||||||||eng||
=016  7\$aIND605641833$2DNAL
=024  7\$a10.1016/j.agwat.2017.02.014$2doi
=035  \\$aagid:5641833-01nal_inst
=040  \\$aAGL$beng$cAGL
=100  1\$aWallace, Carlington W.$eauthor$uDepartment of Agricultural and Biological Engineering, Purdue University, West Lafayette, IN 47907, USA
=245  10$aQuantifying the effects of conservation practice implementation on predicted runoff and chemical losses under climate change
=300  \\$ap. 51-65.
=520  \\$aThe Soil and Water Assessment Tool with downscaled weather data generated using the MarkSim weather file generator was used to evaluate the impact of long-term conservation practice implementation on runoff, sediment, atrazine, nitrogen (N) and phosphorus (P) losses in an agricultural watershed located in northeastern Indiana. As part of the Conservation Effects Assessment Project, evaluation of these conservation practices is required to provide insight on how their implementation is benefiting the environment. The results indicate that individual conservation practices were effective in reducing a particular pollutant load, but combined practices were more effective in reducing multiple pollutant loads simultaneously. Of the individual best management practices (BMPs) assessed, no-till was the most effective in reducing multiple pollutant loads (reduced surface runoff by an average of 25%, sediment by 46%, atrazine by 46%, total N by 9%, soluble P by 16%, and total P by 29%). When BMPs were combined, pollutant load reductions were increased significantly (at α=0.05) for all pollutants, both under baseline and future climate scenarios. The reductions in runoff and pollutant loads for each decade of future climate ranged from 15 to 25% for surface runoff, 32-68% for sediment loss, 37-60% for atrazine loss, 5-13% for soluble N loss, 12-35% for total N loss, 9-41% for soluble P loss, and 33-60% for total P loss.
=592  \\$aPublisher supplied data
=593  \\$aPubAg article
=650  \3$aConservation Effects Assessment Project
=650  \3$aSoil and Water Assessment Tool model
=650  \3$aagricultural watersheds
=650  \3$aatrazine
=650  \3$abest management practices
=650  \3$aclimate
=650  \3$aclimate change
=650  \3$aconservation practices
=650  \3$ameteorological data
=650  \3$anitrogen
=650  \3$anitrogen content
=650  \3$ano-tillage
=650  \3$aphosphorus
=650  \3$apollutants
=650  \3$apollution load
=650  \3$arunoff
=650  \3$asediments
=651  \3$aIndiana
=653  \0$aAtrazine
=653  \0$aBest management practice (BMP)
=653  \0$aClimate change
=653  \0$aNitrogen
=653  \0$aPhosphorus
=653  \0$aSoil and Water Assessment Tool (SWAT)
=700  1\$aFlanagan, Dennis C.$eauthor$uDepartment of Agricultural and Biological Engineering, Purdue University, West Lafayette, IN 47907, USA
=700  1\$aEngel, Bernard A.$eauthor$uDepartment of Agricultural and Biological Engineering, Purdue University, West Lafayette, IN 47907, USA
=773  0\$tAgricultural water management.$g2017 May 31, v. 186 p.51-65$dElsevier B.V.$wJournal:jnl8460$x0378-3774$7nnas
=787  1\$oislandora_article_repository
=787  1\$oproduct_pubag
=787  1\$o(Journal)jnl8460
=856  40$uhttps://dx.doi.org/10.1016/j.agwat.2017.02.014$3Available from publisher's site
=912  \\$aArticle
=914  \\$aJournal:jnl8460$b0378-3774
=914  \\$fAgricultural water management
=916  \\$aBatch:1719
=917  \\$aissued
=918  2\$aElsevier Consyn$eprovider$5DNAL
=935  \\$aIND605641833$9ExL
=949  \\$a2019-04-03
=953  \\$a/data/metadata/incoming/consyn-backfiles/46-2-00067-HEAD-ONLY.zip
=954  \\$afile:/data/metadata/staging/consyn-backfiles/S0378377417300677.xml
=955  \\$a/data/metadata/staging/consyn-backfiles/
=961  \\$aUSDA/ARS
=974  \\$aagid:5641833
=983  \\$a2019-04-03
=984  \\$a2019-04-03

