=LDR  03659nab a2200709 u 4500
=001  9915797880407426
=005  20221123022119.0
=008  180904e201612\\xx\|||||o|||||||||||eng||
=016  7\$aIND605314239$2DNAL
=024  7\$a10.1016/j.envsci.2016.06.005$2doi
=035  \\$aagid:5314239-01nal_inst
=040  \\$aAGL$beng$cAGL
=100  1\$aBrandt, Leslie$eauthor$uUSDA Forest Service, United States
=245  12$aA framework for adapting urban forests to climate change
=300  \\$ap. 393-402.
=520  \\$aPlanting urban trees and expanding urban forest canopy cover are often considered key strategies for reducing climate change impacts in urban areas. However, urban trees and forests can also be vulnerable to climate change through shifts in tree habitat suitability, changes in pests and diseases, and changes in extreme weather events. We developed a three-step framework for urban forest vulnerability assessment and adaptation that scales from regional assessment to local on-the-ground action. We piloted this framework in the Chicago region in 10 locations representing an urban-exurban gradient across a range of socioeconomic capacities. The majority of trees across a seven-county region had low to moderate vulnerability, but many of the least vulnerable species were nonnative invasive species. Urban forests in the 10 pilot locations ranged in vulnerability largely due to differences in economic and organizational adaptive capacity. Adaptation actions selected in these locations tended to focus on increased biodiversity and restoration of natural disturbance regimes. However, adaptation actions in more developed sites also included incorporating new species or cultivars. Lessons learned from the pilot area can be used to inform future efforts in other urban areas.
=592  \\$aPublisher supplied data
=593  \\$aPubAg article
=650  \3$abiodiversity
=650  \3$aclimate change
=650  \3$acultivars
=650  \3$aforest canopy
=650  \3$ahabitats
=650  \3$ainvasive species
=650  \3$anew species
=650  \3$atrees
=650  \3$aurban areas
=650  \3$aurban forests
=650  \3$avulnerable species
=650  \3$aweather
=651  \3$aIllinois
=653  \0$aVulnerability
=653  \0$aClimate change
=653  \0$aAdaptive capacity
=653  \0$aUrban forest
=653  \0$aInventory
=653  \0$aChicago
=700  1\$aDerby Lewis, Abigail$eauthor$uThe Field Museum, United States
=700  1\$aFahey, Robert$eauthor$uUniversity of Connecticut, United States
=700  1\$aScott, Lydia$eauthor$uThe Morton Arboretum, United States
=700  1\$aDarling, Lindsay$eauthor$uThe Morton Arboretum, United States
=700  1\$aSwanston, Chris$eauthor$uUSDA Forest Service, United States
=773  0\$tEnvironmental science & policy.$g2016 Dec., v. 66 p.393-402$dElsevier Ltd$wJournal:12413$x1462-9011$7nnas
=787  1\$oislandora_article_repository
=787  1\$oproduct_pubag
=787  1\$o(Journal)12413
=856  40$uhttps://dx.doi.org/10.1016/j.envsci.2016.06.005$3Available from publisher's site
=912  \\$aArticle
=914  \\$aJournal:12413$b1462-9011
=914  \\$fEnvironmental science & policy
=916  \\$aBatch:1717
=917  \\$aissued
=918  2\$aElsevier Consyn$eprovider$5DNAL
=935  \\$aIND605314239$9ExL
=949  \\$a2018-09-04
=953  \\$a/data/metadata/incoming/consyn/22-2-00074-HEAD-ONLY.zip
=954  \\$afile:/data/metadata/staging/consyn/S146290111630291X.xml
=955  \\$a/data/metadata/staging/consyn/
=961  \\$aUSDA/FS
=974  \\$aagid:5314239
=983  \\$a2018-09-04
=984  \\$a2018-09-04

