=LDR  04260nab a2200757 u 4500
=001  9915798700107426
=005  20221123021513.0
=008  051027e20050831xx\|||||o|||||||||||eng||
=016  7\$aIND43755636$2DNAL
=024  7\$a10.1016/j.agrformet.2005.05.005$2doi
=024  7\$a10113/13820$2hdl
=035  \\$aagid:13820-01nal_inst
=040  \\$aAGL$beng$cAGL
=072  \0$aF120
=072  \0$aJ800
=072  \0$aX100
=072  \0$aB200
=100  1\$aZhang, X.C.
=245  10$aSimulating potential response of hydrology, soil erosion, and crop productivity to climate change in Changwu tableland region on the Loess Plateau of China
=300  \\$ap. 127-142.
=500  \\$aIncludes references
=520  \\$aKnowledge of the impacts of climate change on agro-ecosystems is needed for developing optimal conservation and production practices. The objective of this study was to evaluate the potential impacts of projected climate changes during 2070-2099 under three emissions scenarios (A2a, and B2a, and GGa1) on hydrology, soil loss, and crop production in Changwu tableland region on southern Loess Plateau of China. Monthly projections for the periods of 1950-1999 and 2070-2099 were used from the Hadley Centre's general circulation model (HadCM3). A stochastic weather generator (CLIGEN) was used to downscale monthly HadCM3 projections to daily values at three spatial scales. The Water Erosion Prediction Project (WEPP) model was run for a wheat-wheat-maize rotation under conventional and conservation tillage at the 8.7% and 17.6% slopes. HadCM3 predicted a 23-37% increase in annual precipitation, 2.3-4.3 °C rise in maximum temperature, and 3.6-5.3 °C rise in minimum temperature for the region over the century. Compared with the present climate, predicted percent increases under climate changes, as averaged over the three spatial scales for each emissions scenario and slope, ranged from 29 to 79% for runoff, 2 to 81% for soil loss, 15 to 44% for wheat grain yield, 40 to 58% for maize yield, 25 to 28% for crop transpiration, 21 to 34% for soil evaporation, and 4 to 12% for long-term soil water reserve under the conventional tillage. However, adoption of the conservation (delayed) tillage could reduce runoff by 18-38%, and decrease soil loss by 56-68% as compared to the conventional tillage under the present climate. These results suggest that the use of the conservation tillage would be sufficient to maintain low runoff and erosion levels and thus protect agro-ecosystems under projected climate changes.
=593  \\$aPubAg article
=593  \\$cUSDA submission
=650  \3$agrain crops
=650  \3$agrain yield
=650  \3$awater erosion
=650  \3$aclimate change
=650  \3$ahydrology
=650  \3$aagroecosystems
=650  \3$asoil hydraulic properties
=650  \3$aatmospheric circulation
=650  \3$aweather
=650  \3$asimulation models
=650  \3$aconservation tillage
=650  \3$aTriticum aestivum
=650  \3$awheat
=650  \3$aZea mays
=650  \3$acorn
=650  \3$asoil erosion models
=650  \3$atranspiration
=651  \3$aChina
=700  1\$aLiu, W.Z.
=773  0\$tAgricultural and forest meteorology.$g2005 Aug. 31, v.  131, no.  3-4 p.127-142$x0168-1923$7nnas
=787  1\$oproduct_pubag
=787  1\$oislandora_article_repository
=787  1\$oislandora_pubag_with_text
=787  1\$o(Journal)jnl43250
=852  \\$aDNAL
=856  40$uhttps://handle.nal.usda.gov/10113/13820$3Available in the National Agricultural Library PubAg search system
=856  40$uhttp://dx.doi.org/10.1016/j.agrformet.2005.05.005$3Available from publisher's Web site
=912  \\$aArticle
=914  \\$aJournal:jnl43250$b0168-1923$c131$d3-4$e127
=914  \\$fAgricultural and forest meteorology
=917  \\$aissued
=930  \\$a20080428$b20080502$c00000000
=935  \\$aIND43755636$9ExL
=945  \\$aIND$d2CT$e2006/01/30
=946  \\$aNon-US
=949  \\$a2016-09-13
=952  \\$a20080428 20080502 00000000$bIND 2CT 2006/01/30
=961  \\$aUSDA/ARS
=974  \\$aagid:13820
=984  \\$a2008-05-02
=985  \\$aConverted from MARCXML to MODS version 3.4 using MARC21slim2MODS3-4.xsl (Revision 1.95 2014/04/23)
=986  \\$a3755636

