=LDR  03399nab a2200577 u 4500
=001  9915799304307426
=005  20221121010244.0
=008  190702e20190402xx\|||||o|||||||||||eng||
=016  7\$aIND606489835$2DNAL
=024  7\$a10.3390/f10040302$2doi
=035  \\$aagid:6489835-01nal_inst
=040  \\$aAGL$beng$cAGL
=100  1\$aIverson, Louis  R.$eauthor$uUSDA Forest Service, Northern Research Station, Northern Institute of Applied Climate Science, Delaware, OH 43015, USA. liverson@fs.fed.us
=245  10$aAnalysis of Climate Change Impacts on Tree Species of the Eastern US: Results of DISTRIB-II Modeling
=520  \\$aForests across the globe are faced with a rapidly changing climate and an enhanced understanding of how these changing conditions may impact these vital resources is needed. Our approach is to use DISTRIB-II, an updated version of the Random Forest DISTRIB model, to model 125 tree species individually from the eastern United States to quantify potential current and future habitat responses under two Representative Concentration Pathways (RCP 8.5 -high emissions which is our current trajectory and RCP 4.5 -lower emissions by implementing energy conservation) and three climate models. Climate change could have large impacts on suitable habitat for tree species in the eastern United States, especially under a high emissions trajectory. On average, of the 125 species, approximately 88 species would gain and 26 species would lose at least 10% of their suitable habitat. The projected change in the center of gravity for each species distribution (i.e., mean center) between current and future habitat moves generally northeast, with 81 species habitat centers potentially moving over 100 km under RCP 8.5. Collectively, our results suggest that many species will experience less pressure in tracking their suitable habitats under a path of lower greenhouse gas emissions.
=592  \\$aPublisher supplied data
=593  \\$aPubAg article
=650  \3$acenter of gravity
=650  \3$aclimate change
=650  \3$aclimate models
=650  \3$aenergy conservation
=650  \3$aforests
=650  \3$ageographical distribution
=650  \3$agreenhouse gas emissions
=650  \3$ahabitats
=650  \3$atrees
=651  \3$aEastern United States
=700  1\$aPeters, Matthew  P.$eauthor
=700  1\$aPrasad, Anantha  M.$eauthor
=700  1\$aMatthews, Stephen  N.$eauthor
=773  0\$tForests.$g2019 Apr. 02, v. 10, no. 4$dMultidisciplinary Digital Publishing Institute$wJournal:2257$x1999-4907$7nnas
=787  1\$oislandora_article_repository
=787  1\$oproduct_pubag
=787  1\$o(Journal)2257
=856  40$uhttp://dx.doi.org/10.3390/f10040302$3Available from publisher's site
=912  \\$aArticle
=914  \\$aJournal:2257$b1999-4907$c10$d4
=914  \\$fForests
=916  \\$aBatch:2278
=917  \\$aissued
=918  2\$aMultidisciplinary Digital Publishing Institute$eprovider$5DNAL
=935  \\$aIND606489835$9ExL
=949  \\$a2019-08-12
=953  \\$a/data/metadata/incoming/mdpinstitute/forests-v10-i04-20190429.xml
=954  \\$afile:/data/metadata/staging/mdpinstitute/forests-v10-i04-20190429.xml
=955  \\$a/data/metadata/staging/mdpinstitute/
=961  \\$aUSDA/FS
=962  \\$aBatch:2278 reviewed on 2019-08-12T12:00:04Z
=974  \\$aagid:6489835
=983  \\$a2019-07-02
=984  \\$a2019-08-12

