=LDR  05840nab a2200709 u 4500
=001  9915801304807426
=005  20221123044036.0
=008  141111e20121001xx\|||||o|||||||||||eng||
=016  7\$aIND44727975$2DNAL
=024  7\$a10.1016/j.foreco.2012.06.016$2doi
=035  \\$aagid:518560-01nal_inst
=040  \\$aAGL$beng$cAGL
=100  1\$aColombo, Stephen J.$eauthor$uOntario Forest Research Institute, Ontario Ministry of Natural Resources, 1235 Queen Street East, Sault Ste. Marie, ON, Canada P6A 2E5
=245  10$aForest protection and forest harvest as strategies for ecological sustainability and climate change mitigation
=300  \\$ap. 140-151.
=520  \\$aAn important consideration in forest management to mitigate climate change is the balance between forest carbon (C) storage and ecological sustainability. We explore the effects of management strategies on tradeoffs between forest C stocks and ecological sustainability under five scenarios, three of which included management and two scenarios which provide baselines emulating the natural forest. Managed forest scenarios were: (a) Protection (PROT), i.e., management by suppression of natural disturbance and harvest exclusion; (b) Harvest at a higher rate removing all sustainably available wood (HHARV); (c) Harvest at the lower historical average rate of harvest, AHARV. Both harvest scenarios reflected current forest management practices in the study area, including suppression of natural disturbance and a large (>20% of total) forest area reserved from harvest. Scenarios (d) and (e) simulated "natural" forest with unsuppressed fire at higher (NDH) or lower (NDL) levels and no harvest. Ecological sustainability was evaluated using a coarse filter approach where forest age class and tree species composition were indicators of condition. The study area encompassed 3.4 million hectares of forest in northeastern Ontario at the interface between the temperate hardwood and boreal forest zones. Future forest condition for each scenario was modeled using a timber supply model (SFMM), and C stored in forests and wood products were estimated using the FORCARB-ON model. Forest protection (PROT) resulted in greatest forest C stocks, especially in the near term, but was within 95% of its maximum, becoming saturated within 30years. Harvesting (HHARV and AHARV) resulted in less forest C stock compared to PROT, however, after 100years of adding C in wood products to that in regenerating forests total C storage was equivalent or greater than forest C with PROT. In contrast, removing management (NDH and NDL) decreased C relative to any of the management regimes, though in NDL the decrease was delayed for 30years compared to HHARV. Forest sustainability measured by similarity to natural forest age class was superior with HHARV and AHARV compared to PROT, although no management regime produced a fully natural result. PROT in particular largely lacked younger age classes. All management regimes produced species composition that was near or within the range of natural variation. This analysis provides an example of the types of tradeoffs that can be considered in evaluating the contribution of forests to climate change mitigation, either in a commercial forestry context or in an approach based on protected areas.
=592  \\$aPublisher supplied data
=593  \\$aPubAg article
=650  \3$aage structure
=650  \3$acarbon
=650  \3$aclimate change
=650  \3$aconservation areas
=650  \3$aenvironmental sustainability
=650  \3$aforest fires
=650  \3$aforest management
=650  \3$aforest reserves
=650  \3$ahardwood forests
=650  \3$aharvesting
=650  \3$aindicator species
=650  \3$alogging
=650  \3$amodels
=650  \3$arisk reduction
=650  \3$aspecies diversity
=650  \3$atimber supply
=650  \3$atree age
=650  \3$awood
=651  \3$aOntario
=700  1\$aChen, Jiaxin$eauthor$uOntario Forest Research Institute, Ontario Ministry of Natural Resources, 1235 Queen Street East, Sault Ste. Marie, ON, Canada P6A 2E5
=700  1\$aTer-Mikaelian, Michael T.$eauthor$uOntario Forest Research Institute, Ontario Ministry of Natural Resources, 1235 Queen Street East, Sault Ste. Marie, ON, Canada P6A 2E5
=700  1\$aMcKechnie, Jon$eauthor$uDepartment of Civil Engineering and School of Public Policy and Governance, University of Toronto, 35 St. George Street, Toronto, ON, Canada M5S 1A4
=700  1\$aElkie, Philip C.$eauthor$uOntario Ministry of Natural Resources, 25th Side Road, RR#1, Thunder Bay, ON, Canada P7C 4T9
=700  1\$aMacLean, Heather L.$eauthor$uDepartment of Civil Engineering and School of Public Policy and Governance, University of Toronto, 35 St. George Street, Toronto, ON, Canada M5S 1A4; School of Public Policy and Governance, University of Toronto, Canada
=700  1\$aHeath, Linda S.$eauthor$uUSDA Forest Service, Northern Research Station, 271 Mast Road, Durham, NH 03824, United States(1)
=773  0\$tForest ecology and management.$g2012 Oct. 1, v. 281 p.140-151$dElsevier B.V.$x0378-1127$7nnas
=787  1\$oislandora_article_repository
=787  1\$oproduct_pubag
=787  1\$o(Journal)jnl9013
=856  40$uhttp://dx.doi.org/10.1016/j.foreco.2012.06.016$3Available from publisher's site
=912  \\$aArticle
=914  \\$aJournal:jnl9013$b0378-1127$c281$e140
=914  \\$fForest ecology and management
=917  \\$aissued
=918  2\$aElsevier B.V.$eprovider$5DNAL
=935  \\$aIND44727975$9ExL
=949  \\$a2013-09-26
=953  \\$aNAL27090037811270281000C.xml
=961  \\$aUSDA/FS
=962  \\$aBatch:347 annotated on 2013-09-04T16:33:53Z
=962  \\$aBatch:347 reviewed on 2013-09-26T16:00:02Z
=974  \\$aagid:518560
=983  \\$a2014-11-11
=984  \\$a2014-11-11

