=LDR  04646nab a2200733 u 4500
=001  9915805207307426
=005  20221121005907.0
=008  180904e201810\\xx\|||||o|||||||||||eng||
=016  7\$aIND606090935$2DNAL
=024  7\$a10.1007/s11027-017-9772-x$2doi
=024  7\$a10.1007/s11027-017-9772-x$2chorus
=035  \\$aagid:6090935-01nal_inst
=040  \\$aAGL$beng$cAGL
=100  1\$aDowd, Patrick F.$eauthor$uCrop Bioprotection Research Unit, United States Department of Agriculture, Agricultural Research Service, National Center for Agricultural Utilization Research, 1815 North University Street, Peoria, IL, 61604, USA. patrick.dowd@ars.usda.gov
=245  10$aInsect damage influences heat and water stress resistance gene expression in field-grown popcorn: implications in developing crop varieties adapted to climate change
=300  \\$ap. 1063-1081.
=520  \\$aWarming climatic conditions can pose problems for crop production in many parts of the world, but detailed information on the expression of heat and drought stress resistance genes of potentially affected crop plants is lacking. This information is important to have in order to most efficiently guide the breeding of crops that are adapted to new climatic conditions. A maize (Zea mays) gene microarray, a method used worldwide to evaluate the expression of tens of thousands of genes at once, was used to investigate changes in expression of genes involved in resistance to heat and water stress in milk stage popcorn kernels from undamaged and insect-damaged ears. Popcorn is a form of maize that is more susceptible to heat and drought stress due to its smaller root system. In years of heat and drought stress, expression of many heat shock- and senescence-related proteins increased compared to the year when weather was closer to average conditions, but the expression of many genes related to drought stress resistance decreased in years of weather stress. A different complex of heat shock protein and water stress resistance protein genes had higher expression in kernels from undamaged compared to insect-damaged ears in years of heat and drought stress. These results indicate that the interaction of biotic components, such as insects, are important to consider in developing crop lines with adaptation to stress as this will help identify additional genes and their regulatory components involved in heat and drought stress resistance that might otherwise be overlooked, and will likely be an important strategy for the most effective development of climate stress-tolerant crops globally.
=592  \\$aPublisher supplied data
=593  \\$aPubAg article
=596  \\$a3620-42000-047-00D$cUSDA, Agricultural Research Service
=650  \3$aZea mays
=650  \3$abreeding
=650  \3$aclimate change
=650  \3$aclimatic factors
=650  \3$acrop production
=650  \3$acrops
=650  \3$acultivars
=650  \3$aears
=650  \3$afilling period
=650  \3$agene expression
=650  \3$aheat
=650  \3$aheat shock proteins
=650  \3$ainsects
=650  \3$amicroarray technology
=650  \3$apopcorn
=650  \3$aresistance genes
=650  \3$aroot systems
=650  \3$aseeds
=650  \3$astress tolerance
=650  \3$awater stress
=650  \3$aweather
=700  1\$aJohnson, Eric T.$eauthor$uCrop Bioprotection Research Unit, United States Department of Agriculture, Agricultural Research Service, National Center for Agricultural Utilization Research, 1815 North University Street, Peoria, IL, 61604, USA
=773  0\$tMitigation and adaptation strategies for global change.$g2018 Oct., v. 23, no. 7 p.1063-1081$dSpringer Netherlands$wJournal:jnl3870070$x1381-2386$7nnas
=787  1\$oislandora_article_repository
=787  1\$oproduct_pubag
=787  1\$o(Journal)jnl3870070
=856  40$uhttps://dx.doi.org/10.1007/s11027-017-9772-x$3Available from publisher's site
=912  \\$aArticle
=914  \\$aJournal:jnl3870070$b1381-2386$c23$d7$e1063
=914  \\$fMitigation and adaptation strategies for global change
=916  \\$aBatch:2070
=917  \\$aissued
=918  2\$aSpringer$eprovider$5DNAL
=935  \\$aIND606090935$9ExL
=949  \\$a2020-03-06
=953  \\$a/data/metadata/incoming/springer/ftp_PUB_18-09-03_09-51-40.zip
=954  \\$afile:/data/metadata/staging/springer/11027-23-7.xml
=955  \\$a/data/metadata/staging/springer/
=961  \\$aUSDA/ARS
=962  \\$aBatch:2070 reviewed on 2018-09-27T16:00:03Z
=962  \\$aBatch:2070 reviewed on 2018-09-28T16:00:03Z
=974  \\$aagid:6090935
=983  \\$a2018-09-04
=984  \\$a2020-03-06

