=LDR  04134nab a2200685 u 4500
=001  9915806576107426
=005  20221123032809.0
=008  220503e202205\\xx\|||||o|||||||||||eng||
=016  7\$aIND607762683$2DNAL
=024  7\$a10.1002/fee.2450$2doi
=035  \\$aagid:7762683-01nal_inst
=040  \\$aAGL$beng$cAGL
=100  1\$aJones, Gavin M$eauthor$uUS Department of Agriculture (USDA) Forest Service, Rocky Mountain Research Station, Albuquerque, NM
=245  10$aForest restoration limits megafires and supports species conservation under climate change
=300  \\$ap. 210-216.
=500  \\$aJOURNAL ARTICLE
=520  \\$aClimate change and fire suppression have altered disturbance regimes in forest ecosystems globally. In the seasonally dry forests of western North America, large‐scale restoration may reduce severe fire and increase forest resilience but also eliminate existing habitat for sensitive wildlife species. We modeled bioregional‐scale effects of forest restoration on future severe fire activity and occupancy dynamics of an old‐forest species declining in abundance, the spotted owl (Strix occidentalis), in the Sierra Nevada mountains of California. Our findings suggest restoring historical forest structure may mitigate severe fire activity as the climate warms, particularly when restoration occurs in owl habitat. On average, benefits provided by restoration to owls (reduced severe fire) were found to exceed potential costs (direct habitat alteration) by mid‐century. However, the magnitude and direction of restoration trade‐offs varied spatially, which informs restoration planning. When large, old trees are maintained, forest restoration can provide co‐benefits to old‐forest species and forest ecosystem resilience under climate change.
=592  \\$aPublisher supplied data
=593  \\$aPubAg article
=650  \3$aStrix occidentalis
=650  \3$aclimate
=650  \3$aclimate change
=650  \3$aecological resilience
=650  \3$aenvironment
=650  \3$afire suppression
=650  \3$aforest ecosystems
=650  \3$aforest restoration
=650  \3$ahabitat destruction
=650  \3$ahabitats
=650  \3$amountains
=650  \3$awildlife
=651  \3$aCalifornia
=700  1\$aKeyser, Alisa R$eauthor$uSierra Nevada Research Institute, University of California-Merced, Merced, CA
=700  1\$aWesterling, A Leroy$eauthor$uSierra Nevada Research Institute, University of California-Merced, Merced, CA
=700  1\$aBaldwin, W Jonathan$eauthor$uSierra Nevada Research Institute, University of California-Merced, Merced, CA
=700  1\$aKeane, John J$eauthor$uUSDA Forest Service, Pacific Southwest Research Station, Davis, CA
=700  1\$aSawyer, Sarah C$eauthor$uUSDA Forest Service, Pacific Southwest Region, Vallejo, CA
=700  1\$aClare, John DJ$eauthor$uDepartment of Forest & Wildlife Ecology, University of Wisconsin-Madison, Madison, WI
=700  1\$aGutiérrez, RJ$eauthor$uDepartment of Forest & Wildlife Ecology, University of Wisconsin-Madison, Madison, WI
=700  1\$aPeery, M Zachariah$eauthor$uDepartment of Forest & Wildlife Ecology, University of Wisconsin-Madison, Madison, WI
=773  0\$tFrontiers in ecology and the environment.$g2022 May, v. 20, no. 4 p.210-216$dJohn Wiley & Sons, Ltd$wJournal:23083$x1540-9295$7nnas
=787  1\$oislandora_article_repository
=787  1\$oproduct_pubag
=787  1\$o(Journal)23083
=856  40$uhttps://dx.doi.org/10.1002/fee.2450$3Available from publisher's site
=912  \\$aArticle
=914  \\$aJournal:23083$b1540-9295$c20$d4$e210
=914  \\$fFrontiers in ecology and the environment
=917  \\$aissued
=918  2\$aJohn Wiley & Sons, Inc$eprovider$5DNAL
=935  \\$aIND607762683$9ExL
=949  \\$a2022-06-03
=952  \\$dNAL-AP-2-clean
=953  \\$a/data/metadata/incoming/wiley/15409295_2022_20_4.xml
=954  \\$afile:/data/metadata/staging/wiley/15409295_2022_20_4.xml
=955  \\$a/data/metadata/staging/wiley/
=961  \\$aUSDA/FS
=974  \\$aagid:7762683
=983  \\$a2022-05-03
=984  \\$a2022-06-03

