=LDR  04425nab a2200625 u 4500
=001  9915807060807426
=005  20221122234330.0
=008  210320e202104\\xx\|||||o|||||||||||eng||
=016  7\$aIND607315870$2DNAL
=024  7\$a10.1111/gcb.15510$2doi
=035  \\$aagid:7315870-01nal_inst
=040  \\$aAGL$beng$cAGL
=100  1\$aBrighenti, Stefano$eauthor$uFaculty of Science and Technology, Free University of Bozen‐Bolzano, Bolzano, Italy
=245  10$aRock glaciers and related cold rocky landforms: Overlooked climate refugia for mountain biodiversity
=300  \\$ap. 1504-1517.
=500  \\$aNAL-AP-2-clean
=500  \\$aJOURNAL ARTICLE
=520  \\$aMountains are global biodiversity hotspots where cold environments and their associated ecological communities are threatened by climate warming. Considerable research attention has been devoted to understanding the ecological effects of alpine glacier and snowfield recession. However, much less attention has been given to identifying climate refugia in mountain ecosystems where present‐day environmental conditions will be maintained, at least in the near‐term, as other habitats change. Around the world, montane communities of microbes, animals, and plants live on, adjacent to, and downstream of rock glaciers and related cold rocky landforms (CRL). These geomorphological features have been overlooked in the ecological literature despite being extremely common in mountain ranges worldwide with a propensity to support cold and stable habitats for aquatic and terrestrial biodiversity. CRLs are less responsive to atmospheric warming than alpine glaciers and snowfields due to the insulating nature and thermal inertia of their debris cover paired with their internal ventilation patterns. Thus, CRLs are likely to remain on the landscape after adjacent glaciers and snowfields have melted, thereby providing longer‐term cold habitat for biodiversity living on and downstream of them. Here, we show that CRLs will likely act as key climate refugia for terrestrial and aquatic biodiversity in mountain ecosystems, offer guidelines for incorporating CRLs into conservation practices, and identify areas for future research.
=592  \\$aPublisher supplied data
=593  \\$aPubAg article
=596  \\$aOPP‐1906015$cNSF
=596  \\$cU.S. Forest Service
=650  \3$abiodiversity
=650  \3$acold
=650  \3$aglaciers
=650  \3$alandscapes
=650  \3$arefuge habitats
=700  1\$aHotaling, Scott$eauthor$uSchool of Biological Sciences, Washington State University, Pullman, WA, USA$1https://orcid.org/0000-0002-5965-0986
=700  1\$aFinn, Debra S.$eauthor$uDepartment of Biology, Missouri State University, Springfield, MO, USA
=700  1\$aFountain, Andrew G.$eauthor$uDepartment of Geology, Portland State University, Portland, OR, USA
=700  1\$aHayashi, Masaki$eauthor$uDepartment of Geoscience, University of Calgary, Calgary, AB, Canada
=700  1\$aHerbst, David$eauthor$uSierra Nevada Aquatic Research Laboratory and Institute of Marine Sciences, University of California, Santa Cruz, CA, USA
=700  1\$aSaros, Jasmine E.$eauthor$uSchool of Biology and Ecology, Climate Change Institute, University of Maine, Orono, ME, USA
=700  1\$aTronstad, Lusha M.$eauthor$uWyoming Natural Diversity Database, University of Wyoming, Laramie, WY, USA
=700  1\$aMillar, Constance I.$eauthor$uPacific Southwest Research Station, USDA Forest Service, Albany, CA, USA$1https://orcid.org/0000-0003-1761-0027
=773  0\$tGlobal change biology.$g2021 Apr., v. 27, no. 8 p.1504-1517$dJohn Wiley & Sons, Ltd$wJournal:jnl57021$x1354-1013$7nnas
=787  1\$oislandora_article_repository
=787  1\$oproduct_pubag
=787  1\$o(Journal)jnl57021
=856  40$uhttp://dx.doi.org/10.1111/gcb.15510$3Available from publisher's site
=912  \\$aArticle
=914  \\$aJournal:jnl57021$b1354-1013$c27$d8$e1504
=914  \\$fGlobal change biology
=916  \\$aBatch:10149
=917  \\$aissued
=918  2\$aJohn Wiley & Sons, Inc$eprovider$5DNAL
=935  \\$aIND607315870$9ExL
=949  \\$a2021-06-18
=953  \\$a/data/metadata/incoming/wiley/13541013_2021_27_8.xml
=954  \\$afile:/data/metadata/staging/wiley/13541013_2021_27_8.xml
=955  \\$a/data/metadata/staging/wiley/
=961  \\$aUSDA/FS
=974  \\$aagid:7315870
=983  \\$a2021-03-20
=984  \\$a2021-06-18

