=LDR  05604nab a2200757 u 4500
=001  9915807305307426
=005  20221120235534.0
=008  210118e202102\\xx\|||||o|||||||||||eng||
=016  7\$aIND607239291$2DNAL
=024  7\$a10.1111/ddi.13191$2doi
=035  \\$aagid:7239291-01nal_inst
=040  \\$aAGL$beng$cAGL
=100  1\$aBisbing, Sarah M.$eauthor$uDepartment of Natural Resources & Environmental Science, Program in Ecology, Evolution, & Conservation Biology, University of Nevada ‐ Reno, Reno, NV, USA$1https://orcid.org/0000-0002-5534-9352
=245  10$aCan long‐lived species keep pace with climate change? Evidence of local persistence potential in a widespread conifer
=300  \\$ap. 296-312.
=500  \\$aNAL-light
=500  \\$aJOURNAL ARTICLE
=520  \\$aAIM: Climate change poses significant challenges for tree species, which are slow to adapt and migrate. Insight into genetic and phenotypic variation under current landscape conditions can be used to gauge persistence potential to future conditions and determine conservation priorities, but landscape effects have been minimally tested in trees. Here, we use Pinus contorta, one of the most widely distributed conifers in North America, to evaluate the influence of landscape heterogeneity on genetic structure as well as the magnitude of local adaptation versus phenotypic plasticity in a widespread tree species. LOCATION: Western North America. METHODS: We paired landscape genetics with fully reciprocal in situ common gardens to evaluate landscape influence on neutral and adaptive variation across all subspecies of P. contorta. RESULTS: Landscape barriers alone play a minor role in limiting gene flow, creating marginal geographically‐based structure. Local climate determines population performance, with survival highest at home but growth greatest in mild climates (e.g., warm, wet). Survival of two of the three populations tested was consistent with patterns of local adaptation documented for P. contorta, while growth was indicative of plasticity for populations grown under novel conditions and suggesting that some populations are not currently occupying their climatic optimum. MAIN CONCLUSIONS: Our findings provide insight into the role of the landscape in shaping population genetic structure in a widespread tree species as well as the potential response of local populations to novel conditions, knowledge critical to understanding how widely distributed species may respond to climate change. Geographically based genetic structure and reduced survival under water‐limited conditions may make some populations of widespread tree species more vulnerable to local maladaptation and extirpation. However, genetically diverse and phenotypically plastic populations of widespread trees, such as many of the P. contorta populations sampled and tested here, likely possess high persistence potential.
=592  \\$aPublisher supplied data
=593  \\$aPubAg article
=596  \\$aGloria Barron Fellowship$cThe Wilderness Society
=596  \\$aGeorge Melendez Wright Climate Change Fellowship$cNational Park Service
=596  \\$cUS Army Corps of Engineers
=596  \\$cEngineering Laboratory
=650  \3$aPinus contorta
=650  \3$aclimate
=650  \3$aclimate change
=650  \3$aconifers
=650  \3$agardens
=650  \3$agene flow
=650  \3$agenetic structure
=650  \3$aknowledge
=650  \3$alandscape genetics
=650  \3$alandscapes
=650  \3$amethodology
=650  \3$aphenotypic plasticity
=650  \3$aplasticity
=650  \3$aplastics
=650  \3$apopulation
=650  \3$atrees
=651  \3$aNorth America
=700  1\$aUrza, Alexandra K.$eauthor$uDepartment of Natural Resources & Environmental Science, Program in Ecology, Evolution, & Conservation Biology, University of Nevada ‐ Reno, Reno, NV, USA$1https://orcid.org/0000-0001-9795-6735
=700  1\$aBuma, Brian J.$eauthor$uDepartment of Integrative Biology, University of Colorado, Denver, CO, USA$1https://orcid.org/0000-0003-2402-7737
=700  1\$aCooper, David J.$eauthor$uDepartment of Forest and Rangeland Stewardship & Graduate Degree Program in Ecology, Colorado State University, Fort Collins, CO, USA$1https://orcid.org/0000-0003-3391-3538
=700  1\$aMatocq, Marjorie$eauthor$uDepartment of Natural Resources & Environmental Science, Program in Ecology, Evolution, & Conservation Biology, University of Nevada ‐ Reno, Reno, NV, USA$1https://orcid.org/0000-0003-4829-3749
=700  1\$aAngert, Amy L.$eauthor$uDepartments of Botany and Zoology, University of British Columbia, Vancouver, BC, Canada$1https://orcid.org/0000-0003-3082-0133
=773  0\$tDiversity & distributions.$g2021 Feb., v. 27, no. 2 p.296-312$dJohn Wiley & Sons, Ltd$wJournal:jnl3867071$x1366-9516$7nnas
=787  1\$oislandora_article_repository
=787  1\$oproduct_pubag
=787  1\$o(Journal)jnl3867071
=856  40$uhttp://dx.doi.org/10.1111/ddi.13191$3Available from publisher's site
=912  \\$aArticle
=914  \\$aJournal:jnl3867071$b1366-9516$c27$d2$e296
=914  \\$fDiversity & distributions
=916  \\$aBatch:2644
=917  \\$aissued
=918  2\$aJohn Wiley & Sons, Inc$eprovider$5DNAL
=935  \\$aIND607239291$9ExL
=949  \\$a2021-03-01
=953  \\$a/data/metadata/incoming/wiley/13669516_2021_27_2.xml
=954  \\$afile:/data/metadata/staging/wiley/13669516_2021_27_2.xml
=955  \\$a/data/metadata/staging/wiley/
=961  \\$aUSDA/FS
=974  \\$aagid:7239291
=983  \\$a2021-01-18
=984  \\$a2021-03-01

