=LDR  05138nab a2200721 u 4500
=001  9915809165907426
=005  20221122233110.0
=008  180619e201802\\xx\|||||o|||||||||||eng||
=016  7\$aIND605909432$2DNAL
=024  7\$a10.1007/s11101-017-9508-2$2doi
=035  \\$aagid:5909432-01nal_inst
=040  \\$aAGL$beng$cAGL
=100  1\$aVaughan, MarthaM.$eauthor$uMycotoxin Prevention and Applied Microbiology Research Unit, National Center for Agricultural Utilization Research, United States Department of Agriculture, Agricultural Research Service, 1815 N University St, Peoria, IL, 61604, USA. Martha.Vaughan@ars.usda.gov$1http://orcid.org/0000-0003-2121-2291
=245  14$aThe effects of climate change associated abiotic stresses on maize phytochemical defenses
=300  \\$ap. 37-49.
=500  \\$aReview
=520  \\$aReliable large-scale maize production is an essential component of global food security; however, sustained efforts are needed to ensure optimized resilience under diverse crop stress conditions. Climate changes are expected to increase the frequency and intensity of both abiotic and biotic stress. Protective phytochemicals play an important role in both abiotic stress resilience and resistance to biotic challenges, yet the concentration and composition of these phytochemicals are also dependent on climate variables. We review the research on the effects of climate change associated abiotic stresses on three classes of maize defense metabolites, including benzoxazinoids, volatile organic compounds, and terpenoid phytoalexins. Despite significant knowledge gaps that still exist, it is evident that climate change will influence maize phytochemicals associated with resilient productivity. While broad generalizations are not yet possible, climate induced changes in phytochemicals are context specific and dependent upon developmental stage and tissue type. Under conditions of drought, maize modulates different classes of defense phytochemicals to protect the above-and belowground tissues. Aboveground the benzoxazinoid defenses are stimulated, but belowground terpenoid phytoalexins are predominantly deployed. Changes in the allocation or distribution of the different classes of defense metabolites or signaling molecules have the potential to further shape the biodiversity and abundance of pests within the maize agroecosystem. A better understanding of the underlying genetics, biosynthetic pathways, regulation and precise biological roles of maize phytochemicals modulated by arrays of climatic conditions will be required to ensure optimal plant resilience and productivity in the face of combined biotic and abiotic stresses.
=592  \\$aPublisher supplied data
=593  \\$aPubAg article
=650  \3$aabiotic stress
=650  \3$aagroecosystems
=650  \3$abenzoxazinoids
=650  \3$abiochemical pathways
=650  \3$abiodiversity
=650  \3$abiotic stress
=650  \3$aclimate change
=650  \3$aclimatic factors
=650  \3$acorn
=650  \3$acrop production
=650  \3$adrought
=650  \3$afood security
=650  \3$agenetics
=650  \3$ametabolites
=650  \3$apests
=650  \3$aphytoalexins
=650  \3$aphytopharmaceuticals
=650  \3$aterpenoids
=650  \3$atissues
=650  \3$avolatile organic compounds
=700  1\$aBlock, Anna$eauthor$uChemistry Research Unit, Center of Medical, Agricultural, and Veterinary Entomology, United States Department of Agriculture, Agricultural Research Service, 1600 SW 23rd Drive, Gainesville, FL, 32608, USA
=700  1\$aChristensen, ShawnA.$eauthor$uChemistry Research Unit, Center of Medical, Agricultural, and Veterinary Entomology, United States Department of Agriculture, Agricultural Research Service, 1600 SW 23rd Drive, Gainesville, FL, 32608, USA
=700  1\$aAllen, LeonHartwell$eauthor$uChemistry Research Unit, Center of Medical, Agricultural, and Veterinary Entomology, United States Department of Agriculture, Agricultural Research Service, 1600 SW 23rd Drive, Gainesville, FL, 32608, USA
=700  1\$aSchmelz, EricA.$eauthor$uSection of Cell and Developmental Biology, University of California San Diego, 9500 Gilman Drive, La Jolla, CA, 92093, USA
=773  0\$tPhytochemistry reviews.$g2018 Feb., v. 17, no. 1 p.37-49$dSpringer Netherlands$wJournal:jnl3870073$x1568-7767$7nnas
=787  1\$oislandora_article_repository
=787  1\$oproduct_pubag
=787  1\$o(Journal)jnl3870073
=856  40$uhttps://dx.doi.org/10.1007/s11101-017-9508-2$3Available from publisher's site
=912  \\$aArticle
=914  \\$aJournal:jnl3870073$b1568-7767$c17$d1$e37
=914  \\$fPhytochemistry reviews
=916  \\$aBatch:1974
=917  \\$aissued
=918  2\$aSpringer$eprovider$5DNAL
=935  \\$aIND605909432$9ExL
=949  \\$a2018-06-19
=953  \\$a/data/metadata/incoming/springer/ftp_PUB_18-03-08_06-19-47.zip
=954  \\$afile:/data/metadata/staging/springer/11101-17-1.xml
=955  \\$a/data/metadata/staging/springer/
=961  \\$aUSDA/ARS
=974  \\$aagid:5909432
=983  \\$a2018-06-19
=984  \\$a2018-06-19

