=LDR  04529nab a2200613 u 4500
=001  9915810152807426
=005  20221120060448.0
=008  180619e201805\\xx\|||||o|||||||||||eng||
=016  7\$aIND605929772$2DNAL
=024  7\$a10.1007/s11056-017-9620-6$2doi
=035  \\$aagid:5929772-01nal_inst
=040  \\$aAGL$beng$cAGL
=100  1\$aCastellanos-Acuña, Dante$eauthor$uDepartment of Renewable Resources, University of Alberta, Edmonton, AB, T6G 2H1, Canada
=245  10$aClimate-based seed zones for Mexico: guiding reforestation under observed and projected climate change
=300  \\$ap. 297-309.
=520  \\$aSeed zones for forest tree species are a widely used tool in reforestation programs to ensure that seedlings are well adapted to their planting environments. Here, we propose a climate-based seed zone system for Mexico to address observed and projected climate change. The proposed seed zone classification is based on bands of climate variables often related to genetic adaptation of tree species: mean coldest month temperature (MCMT) and an aridity index (AHM). The overlay of the MCMT and AHM for the 1961-1990 period resulted in 63 climate-based zones. Climate change observed over the last three decades has resulted in an increase of + 0.74 °C for MCMT and a shift toward overall drier conditions across Mexico. By the 2050s, MCMT is expected to increase by + 1.7 °C and AHM shifts further towards drier conditions. We recommend moving seed sources from warm, dry locations towards currently wetter and cooler planting sites, to compensate for climate change that has already occurred and is expected to continue for the next decades. We contribute a straight-forward climate-based seed zone system that allows practitioners to match seed procurement regions with planting regions under observed and anticipated climate change. Our transfer recommendations using climate-based zones can be implemented within the existing seed zone system, which often span large climate gradients.
=592  \\$aPublisher supplied data
=593  \\$aPubAg article
=650  \3$aclimate change
=650  \3$aclimatic factors
=650  \3$adry environmental conditions
=650  \3$aforest trees
=650  \3$aplanting
=650  \3$areforestation
=650  \3$aseedlings
=650  \3$atemperature
=651  \3$aMexico
=700  1\$aVance-Borland, KennethW.$eauthor$uThe Conservation Planning Institute, 8285 NW Wynoochee Dr, Corvallis, OR, 97330-2878, USA
=700  1\$aSt. Clair, J.Bradley$eauthor$uUSDA Forest Service, Pacific Northwest Research Station, 3200 SW Jefferson Way, Corvallis, OR, 97331, USA
=700  1\$aHamann, Andreas$eauthor$uDepartment of Renewable Resources, University of Alberta, Edmonton, AB, T6G 2H1, Canada
=700  1\$aLópez-Upton, Javier$eauthor$uPostgrado en Ciencias Forestales, Colegio de Postgraduados, 56230, Texcoco, México, Mexico
=700  1\$aGómez-Pineda, Erika$eauthor$uInstituto de Investigaciones Agropecuarias y Forestales, Universidad Michoacana de San Nicolás de Hidalgo (IIAF-UMSNH), Av. San Juanito Itzícuaro s/n, Col. Nueva Esperanza, 58330, Morelia, Michoacán, Mexico
=700  1\$aOrtega-Rodríguez, JuanManuel$eauthor$uFacultad de Biología, UMSNH, Ciudad Universitaria, Avenida Francisco J. Múgica s/n, 58030, Morelia, Michoacán, Mexico
=700  1\$aSáenz-Romero, Cuauhtémoc$eauthor$uInstituto de Investigaciones Agropecuarias y Forestales, Universidad Michoacana de San Nicolás de Hidalgo (IIAF-UMSNH), Av. San Juanito Itzícuaro s/n, Col. Nueva Esperanza, 58330, Morelia, Michoacán, Mexico. csaenzromero@gmail.com$1http://orcid.org/0000-0002-8945-3959
=773  0\$tNew forests.$g2018 May, v. 49, no. 3 p.297-309$dSpringer Netherlands$wJournal:jnl40921$x0169-4286$7nnas
=787  1\$oislandora_article_repository
=787  1\$oproduct_pubag
=787  1\$o(Journal)jnl40921
=856  40$uhttps://dx.doi.org/10.1007/s11056-017-9620-6$3Available from publisher's site
=912  \\$aArticle
=914  \\$aJournal:jnl40921$b0169-4286$c49$d3$e297
=914  \\$fNew forests
=916  \\$aBatch:1967
=917  \\$aissued
=918  2\$aSpringer$eprovider$5DNAL
=935  \\$aIND605929772$9ExL
=949  \\$a2018-06-19
=953  \\$a/data/metadata/incoming/springer/ftp_PUB_18-04-14_05-54-39.zip
=954  \\$afile:/data/metadata/staging/springer/11056-49-3.xml
=955  \\$a/data/metadata/staging/springer/
=961  \\$aUSDA/FS
=974  \\$aagid:5929772
=983  \\$a2018-06-19
=984  \\$a2018-06-19

