=LDR  05370nab a2200757 u 4500
=001  9915812138407426
=005  20221207072300.0
=008  200713e202008\\xx\|||||o|||||||||||eng||
=016  7\$aIND607016613$2DNAL
=024  7\$a10.1111/geb.13102$2doi
=035  \\$aagid:7016613-01nal_inst
=040  \\$aAGL$beng$cAGL
=100  1\$aKnott, Jonathan A.$eauthor$uDepartment of Forestry and Natural Resources, Purdue University, West Lafayette, Indiana$1https://orcid.org/0000-0003-3856-8454
=245  10$aCommunity‐level responses to climate change in forests of the eastern United States
=300  \\$ap. 1299-1314.
=500  \\$aJOURNAL ARTICLE
=506  \\$aResource is Open Access
=506  \\$aWiley License Information
=520  \\$aAIM: Climate change has impacted forest ecosystems, leading to species‐level tree migration. However, the impacts of climate change on forest communities are mostly unknown. Here, we assess changes to forest communities at three scales: within‐community changes in species composition, individual community spatial shifts and changes across all communities. LOCATION: Eastern USA. MAJOR TAXA STUDIED: Forest tree species. METHODS: Using a region‐wide forest inventory dataset from the United States Department of Agriculture Forest Service's Forest Inventory and Analysis Program with > 70,000 plots, we identified forest communities using the latent Dirichlet allocation method. We analysed changes in species composition within communities and assessed community‐level spatial shifts over the last three decades to quantify the responses of individual communities to climate change. We used the distribution of forest communities across climate conditions to predict where communities could migrate to during the study period and compared climate‐predicted shifts with observed community shifts. Changes across all communities were modelled as a function of climatic and non‐climatic variables using generalized linear mixed‐effects models. RESULTS: We identified 12 regional forest communities of the eastern USA, which varied in their stability of species composition over the study period. All communities experienced relatively short yet significant shifts in their spatial distribution (median = 8.0 km/decade). Historical climate and changes in seasonal temperature variability were the best predictors of change across all communities. However, the distance and direction of individual community migration were poorly predicted by climate change, and the observed direction was often the opposite of the predicted direction. MAIN CONCLUSIONS: Forest communities shifted their distributions over the last three decades, but climate change outpaced the rate of community migration. Continued lags between climate change and forest community responses and the lack of migration in the direction predicted by climate change might lead to the inability of forests to keep up with changing climate.
=592  \\$aPublisher supplied data
=593  \\$aPubAg article
=596  \\$cNational Institute of Food and Agriculture$dhttps://doi.org/10.13039/100005825
=596  \\$cU.S. Forest Service$dhttps://doi.org/10.13039/100006959
=596  \\$cPurdue Climate Change Research Center
=596  \\$a11207356$cNational Institute of Food and Agriculture
=596  \\$a19‐JV‐11242305‐102$cU.S. Forest Service
=596  \\$cNational Institute of Food and Agriculture
=596  \\$cForest Service
=506  0\$fUnrestricted online access$2star
=650  \3$aUSDA Forest Service
=650  \3$aclimate change
=650  \3$aclimatic factors
=650  \3$adata collection
=650  \3$aforest communities
=650  \3$aforest ecosystems
=650  \3$aforest inventory
=650  \3$aforest trees
=650  \3$aforests
=650  \3$amodels
=650  \3$aspecies diversity
=650  \3$atemperature
=651  \3$aEastern United States
=700  1\$aJenkins, Michael A.$eauthor$uDepartment of Forestry and Natural Resources, Purdue University, West Lafayette, Indiana$1https://orcid.org/0000-0002-1612-6383
=700  1\$aOswalt, Christopher M.$eauthor$uUSDA Forest Service Southern Research Station, Knoxville, Tennessee$1https://orcid.org/0000-0001-8183-7651
=700  1\$aFei, Songlin$eauthor$uDepartment of Forestry and Natural Resources, Purdue University, West Lafayette, Indiana$1https://orcid.org/0000-0003-2772-0166
=773  0\$tGlobal ecology and biogeography.$g2020 Aug., v. 29, no. 8 p.1299-1314$dJohn Wiley & Sons, Ltd$wJournal:jnl3920180$x1466-822X$7nnas
=787  1\$oislandora_article_repository
=787  1\$oproduct_pubag
=787  1\$o(Journal)jnl3920180
=856  40$uhttp://dx.doi.org/10.1111/geb.13102$3Available from publisher's site
=903  \\$aVersion of Record
=912  \\$aArticle
=914  \\$aJournal:jnl3920180$b1466-822X$c29$d8$e1299
=914  \\$fGlobal ecology and biogeography
=916  \\$aBatch:2617
=917  \\$aissued
=918  2\$aJohn Wiley & Sons, Inc$eprovider$5DNAL
=935  \\$aIND607016613$9ExL
=949  \\$a2020-12-10
=953  \\$a/data/metadata/incoming/wiley/1466822X_2020_29_8.xml
=954  \\$afile:/data/metadata/staging/wiley/1466822X_2020_29_8.xml
=955  \\$a/data/metadata/staging/wiley/
=961  \\$aUSDA/FS
=974  \\$aagid:7016613
=983  \\$a2020-07-13
=984  \\$a2020-12-10

