=LDR  04264nab a2200733 u 4500
=001  9915812564607426
=005  20221121042437.0
=008  190319e20130924xx\|||||o|||||||||||eng||
=016  7\$aIND601116376$2DNAL
=024  7\$a10.1016/j.ecolmodel.2013.07.003$2chorus
=024  7\$a10.1016/j.ecolmodel.2013.07.003$2doi
=035  \\$aagid:1116376-01nal_inst
=040  \\$aAGL$beng$cAGL
=100  1\$aHalofsky, Jessica E.$eauthor$uSchool of Environmental and Forest Sciences, University of Washington, Box 352100, Seattle, WA 98195-2100, USA
=245  10$aAssessing potential climate change effects on vegetation using a linked model approach
=300  \\$ap. 131-143.
=520  \\$aWe developed a process that links the mechanistic power of dynamic global vegetation models with the detailed vegetation dynamics of state-and-transition models to project local vegetation shifts driven by projected climate change. We applied our approach to central Oregon (USA) ecosystems using three climate change scenarios to assess potential future changes in species composition and community structure. Our results suggest that: (1) legacy effects incorporated in state-and-transition models realistically dampen climate change effects on vegetation; (2) species-specific response to fire built into state-and-transition models can result in increased resistance to climate change, as was the case for ponderosa pine (Pinus ponderosa) forests, or increased sensitivity to climate change, as was the case for some shrublands and grasslands in the study area; and (3) vegetation could remain relatively stable in the short term, then shift rapidly as a consequence of increased disturbance such as wildfire and altered environmental conditions. Managers and other land stewards can use results from our linked models to better anticipate potential climate-induced shifts in local vegetation and resulting effects on wildlife habitat.
=592  \\$aPublisher supplied data
=593  \\$aPubAg article
=596  \\$cWestern Wildland Environmental Threat Assessment Center
=650  \3$aPinus ponderosa
=650  \3$aclimate change
=650  \3$acommunity structure
=650  \3$aecosystems
=650  \3$aenvironmental factors
=650  \3$aforests
=650  \3$agrasslands
=650  \3$amanagers
=650  \3$amodels
=650  \3$ashrublands
=650  \3$aspecies diversity
=650  \3$awildfires
=650  \3$awildlife habitats
=651  \3$aOregon
=653  \0$aClimate change
=653  \0$aDynamic global vegetation models
=653  \0$aState-and-transition models
=653  \0$aVegetation dynamics
=653  \0$aWildfire
=700  1\$aHemstrom, Miles A.$eauthor$uUSDA Forest Service, Forestry Sciences Laboratory, 620 SW Main St., Suite 400, Portland, OR 97205, USA
=700  1\$aConklin, David R.$eauthor$uConservation Biology Institute, 136 SW Washington Avenue, Suite 202, Corvallis, OR 97333, USA
=700  1\$aHalofsky, Joshua S.$eauthor$uWashington Department of Natural Resources, PO Box 47000, 1111 Washington Street SE, Olympia, WA 98504-7000, USA
=700  1\$aKerns, Becky K.$eauthor$uUSDA Forest Service, Forestry Sciences Laboratory, 3200 SW Jefferson Way, Corvallis, OR 97331, USA
=700  1\$aBachelet, Dominique$eauthor$uConservation Biology Institute, 136 SW Washington Avenue, Suite 202, Corvallis, OR 97333, USA
=773  0\$tEcological modelling.$g2013 Sept. 24, v. 266 p.131-143$dElsevier B.V.$aElsevier B.V.$wJournal:jnl6191$x0304-3800$7nnas
=787  1\$oislandora_article_repository
=787  1\$oproduct_pubag
=787  1\$o(Journal)jnl6191
=856  40$uhttps://dx.doi.org/10.1016/j.ecolmodel.2013.07.003$3Available from publisher's site
=912  \\$aArticle
=914  \\$aJournal:jnl6191$b0304-3800$c266$e131
=914  \\$fEcological modelling
=916  \\$aBatch:786
=917  \\$aissued
=918  2\$aElsevier Consyn$eprovider$5DNAL
=935  \\$aIND601116376$9ExL
=949  \\$a2019-03-19
=953  \\$a/data/metadata/incoming/consyn/46-2-00052-HEAD-ONLY.zip
=954  \\$afile:/data/metadata/staging/consyn/S0304380013003281.xml
=955  \\$a/data/metadata/staging/consyn/
=961  \\$aUSDA/FS
=974  \\$aagid:1116376
=983  \\$a2019-03-19
=984  \\$a2022-10-04

