=LDR  03987nab a2200601 u 4500
=001  9915813707707426
=005  20221122021039.0
=008  190417e201601\\xx\|||||o|||||||||||eng||
=016  7\$aIND605281220$2DNAL
=024  7\$a10.1016/j.gecco.2015.11.011$2doi
=035  \\$aagid:5281220-01nal_inst
=040  \\$aAGL$beng$cAGL
=100  1\$aAguiar, Ludmilla M.S.$eauthor$uDepartmento de Zoologia, Universidade de Brasilia, Campus Darcy Ribeiro, CEP: 70910-900, Brasilia, DF, Brazil$1https://orcid.org/0000-0002-9180-5052
=245  10$aShould I stay or should I go? Climate change effects on the future of Neotropical savannah bats
=300  \\$ap. 22-33.
=500  \\$a2019-12-06
=520  \\$aMost extant species are survivors of the last climate change event 20,000 years ago. While past events took place over thousands of years, current climate change is occurring much faster, over a few decades. We modelled the potential distribution area of bat species in the Brazilian Cerrado, a Neotropical savannah, and assessed the potential impacts of climate change up to 2050 in two scenarios. First we evaluated what the impact on the distributions of bat species would be if they were unable to move to areas where climate conditions might be similar to current ones. The novelty of our paper is that, based on least-cost-path analyses, we identified potential corridors that could be managed now to mitigate potential impacts of climate change. Our results indicate that on average, in the future bat species would find similar climate conditions 281 km southeast from current regions. If bat species were not able to move to new suitable areas and were unable to adapt, then 36 species (31.6%) could lose >80% of their current distribution area, and five species will lose more than 98% of their distribution area in the Brazilian Cerrado. In contrast, if bat species are able to reach such areas, then the number of highly impacted species will be reduced to nine, with none of them likely to disappear from the Cerrado. We present measures that could be implemented immediately to mitigate future climate change impacts.
=592  \\$aPublisher supplied data
=593  \\$aPubAg article
=650  \3$aChiroptera
=650  \3$aclimate change
=650  \3$asavannas
=650  \3$acerrado
=650  \3$aNeotropics
=653  \0$aecology
=653  \0$aBrazilian Cerrado
=653  \0$aBrazil
=653  \0$aConservation
=653  \0$aEcological niche models
=700  1\$aBernard, Enrico$eauthor$uDepartamento de Zoologia, Universidade Federal de Pernambuco, Av. Professor Moraes Rego s/n, CEP: 50670420, Recife, PE, Brazil
=700  1\$aRibeiro, Vivian$eauthor$uDepartmento de Zoologia, Universidade de Brasilia, Campus Darcy Ribeiro, CEP: 70910-900, Brasilia, DF, Brazil
=700  1\$aMachado, Ricardo B.$eauthor$uDepartmento de Zoologia, Universidade de Brasilia, Campus Darcy Ribeiro, CEP: 70910-900, Brasilia, DF, Brazil
=700  1\$aJones, Gareth$eauthor$uSchool of Biological Sciences, University of Bristol, 24 Tyndall Avenue, Bristol BS8 1TH, UK
=773  0\$tGlobal ecology and conservation.$g2016 Jan., v. 5 p.22-33$dElsevier B.V.$wJournal:23212$x2351-9894$7nnas
=787  1\$oislandora_article_repository
=787  1\$oproduct_pubag
=787  1\$o(Journal)23212
=856  40$uhttp://dx.doi.org/10.1016/j.gecco.2015.11.011$3Available from publisher's site
=912  \\$aArticle
=914  \\$aJournal:23212$b2351-9894$c5$e22
=914  \\$fGlobal ecology and conservation
=916  \\$aBatch:1794
=917  \\$aissued
=918  2\$aElsevier Consyn$eprovider$5DNAL
=935  \\$aIND605281220$9ExL
=949  \\$a2019-04-17
=953  \\$a/data/metadata/incoming/consyn-backfiles/46-2-00119-HEAD-ONLY.zip
=954  \\$afile:/data/metadata/staging/consyn-backfiles/S2351989415001092.xml
=955  \\$a/data/metadata/staging/consyn-backfiles/
=961  \\$aUSDA
=974  \\$aagid:5281220
=983  \\$a2019-04-17
=984  \\$a2020-10-08

