=LDR  06659nab a2201141 u 4500
=001  9915814633507426
=005  20221214225840.0
=008  180619e201801\\xx\|||||o|||||||||||eng||
=016  7\$aIND605763081$2DNAL
=024  7\$a336343$2aris
=024  7\$a10113/5763081$2hdl
=024  7\$a10.1007/s10584-017-1989-x$2doi
=024  7\$a10.1007/s10584-017-1989-x$2chorus
=024  8\$ans12923
=035  \\$aagid:5763081-01nal_inst
=040  \\$aAGL$beng$cAGL
=100  1\$aWienhold, BrianJ.$eauthor$uUSDA-ARS, 251 Filley Hall/Food Ind. Complex, East Campus, University of Nebraska-Lincoln, Lincoln, NE, 68583-0937, USA. Brian.Wienhold@ars.usda.gov$1http://orcid.org/0000-0003-3066-6965
=245  10$aVulnerability of crops and croplands in the US Northern Plains to predicted climate change
=300  \\$ap. 219-230.
=506  \\$aWorks produced by employees of the U.S. Government as part of their official duties are not copyrighted within the U.S. The content of this document is not copyrighted.
=520  \\$aThe states of Colorado, Montana, Nebraska, North Dakota, South Dakota, and Wyoming comprise the Northern Great Plains region of the USA. The soil and water resources contained in this region have historically supported highly diverse and productive agriculture enterprises that provide a significant proportion of the food, feed, and oilseed for the nation. The region also provides ecological services that influence air, water, and soil quality along with biological diversity. Combined with livestock production and a biofuel industry, crop production forms an integrated system that can offer producers flexibility in management decisions. Projected climatic changes for this region include increasing atmospheric CO₂, a longer, warmer growing season, and increased precipitation, likely received in more frequent extreme events. These changes will impact soil and water resources in the region and create opportunities and challenges for land managers. The objectives of this paper are to describe anticipated impacts of projected mid-(2050) and late-(2085) climatic changes on crop production systems in the Northern Great Plains and provide adaptation strategies that should be developed to take advantage of positive and mitigate negative changes. Projected climatic changes will influence agricultural productivity directly as well as indirectly due to changes in weed pressure, insect populations, and diseases. A warmer, longer growing season will change the crops and distribution of those crops grown within the region. An increase in the number of extreme temperature events (high daytime highs or nighttime lows) will decrease crop yields due to increased plant stress during critical pollination and grain fill periods. Adaptation strategies to reduce vulnerability of soil and water resources to projected climatic changes include increasing cropping intensity, reducing tillage intensity, and use of cover crops to provide surface cover to reduce erosion potential and improve nutrient and water use efficiency. Increased use of perennial forages, crop residue, and failed crops in integrated crop-livestock systems will add biological diversity and provide options for converting vegetation biomass into animal protein. Socio-economic changes will need to be incorporated into adaptation strategies planning to insure that sustaining ecosystem services and meeting desired production and conservation goals is accomplished. Education and extension services will be needed to transfer adaptive knowledge in a timely manner to producers in the field.
=592  \\$aPublisher supplied data
=593  \\$aPubAg article
=595  \\$a1418$baallen$c2017-08-11$dmanager-lgarner$e2017-08-16
=593  \\$eARIS manuscript
=650  \3$aagribusiness
=650  \3$aagricultural productivity
=650  \3$aair
=650  \3$aanimal proteins
=650  \3$aatmospheric precipitation
=650  \3$abiodiversity
=650  \3$abioenergy industry
=650  \3$abiomass
=650  \3$acarbon dioxide
=650  \3$aclimate change
=650  \3$acover crops
=650  \3$acrop residues
=650  \3$acrop yield
=650  \3$acropland
=650  \3$aecosystem services
=650  \3$aextension education
=650  \3$afilling period
=650  \3$aforage
=650  \3$agrowing season
=650  \3$ainsects
=650  \3$aintegrated agricultural systems
=650  \3$alivestock production
=650  \3$aoilseeds
=650  \3$aplanning
=650  \3$aplant stress
=650  \3$apollination
=650  \3$aproduction technology
=650  \3$asocioeconomics
=650  \3$asoil
=650  \3$asoil quality
=650  \3$atemperature
=650  \3$atillage
=650  \3$avegetation
=650  \3$awater resources
=650  \3$awater use efficiency
=650  \3$aweeds
=651  \3$aColorado
=651  \3$aGreat Plains region
=651  \3$aMontana
=651  \3$aNebraska
=651  \3$aNorth Dakota
=651  \3$aSouth Dakota
=651  \3$aWyoming
=700  1\$aVigil, MerleF.$eauthor$uUSDA-ARS, 40335 County Road GG, Akron, CO, 80720, USA
=700  1\$aHendrickson, JohnR.$eauthor$uUSDA-ARS, Box 459, Mandan, ND, 58554, USA
=700  1\$aDerner, JustinD.$eauthor$uUSDA-ARS, 8408 Hildreth Road, Cheyenne, WY, 82009, USA
=773  0\$tClimatic change.$g2018 Jan., v. 146, no. 1-2 p.219-230$dSpringer Netherlands$wJournal:jnl8952$x0165-0009$7nnas
=787  1\$oislandora_article_repository
=787  1\$oproduct_pubag
=787  1\$o(Journal)jnl8952
=856  40$uhttps://handle.nal.usda.gov/10113/5763081$3Available in the National Agricultural Library PubAg search system
=856  40$uhttps://dx.doi.org/10.1007/s10584-017-1989-x$3Available from publisher's site
=912  \\$aArticle
=914  \\$aJournal:jnl8952$b0165-0009$e1
=914  \\$fClimatic change
=916  \\$aBatch:1832
=917  \\$aissued
=918  2\$aSpringer$eprovider$5DNAL
=935  \\$aIND605763081$9ExL
=949  \\$a2020-03-06
=953  \\$a/data/metadata/incoming/springer/ftp_PUB_18-01-31_05-58-48.zip
=954  \\$afile:/data/metadata/staging/springer/10584-146-1-2.xml
=955  \\$a/data/metadata/staging/springer/
=956  \\$aARIS submission$bhttps://submit.nal.usda.gov/system/files/submissions/10.1007%252Fs10584-017-1989-x.pdf
=961  \\$aUSDA/ARS
=962  \\$aUSDA Scientist Submission
=962  \\$aUSDA Scientist Submission, eISSN 1573-1480
=962  \\$aBatch:1832 reviewed on 2017-10-16T13:00:03Z
=974  \\$aagid:5763081
=979  \\$aArticle missing volume number
=983  \\$a2018-06-19
=984  \\$a2020-03-06
=986  \\$ans12923

