=LDR  01608nab a2200541 u 4500
=001  9915815865207426
=005  20221120092549.0
=008  100728e20100408xx\|||||o|||||||||||eng||
=016  7\$aIND44404996$2DNAL
=024  7\$a10.1038/464843a$2doi
=035  \\$aagid:3127231-01nal_inst
=040  \\$aAGL$beng$cAGL
=072  \0$a     J100   
=072  \0$a     B200   
=100  1\$aDel Grosso, Stephen J.
=245  10$aClimate change: Grazing and nitrous oxide
=300  \\$ap. 843-844.
=593  \\$aPubAg article
=650  \3$agrassland soils
=650  \3$anitrous oxide
=650  \3$agas emissions
=650  \3$agrazing
=650  \3$asemiarid zones
=650  \3$aplant litter
=650  \3$afreeze-thaw cycles
=650  \3$asnowpack
=650  \3$aseasonal variation
=650  \3$aspring
=773  0\$tNature.$g2010 Apr. 8, v. 464, no. 7290 p.843-844$x0028-0836$7nnas
=787  1\$oislandora_article_repository
=787  1\$oproduct_pubag
=787  1\$o(Journal)jnl44750
=852  \\$aDNAL
=856  40$uhttp://dx.doi.org/10.1038/464843a$3Available from publisher's Web site
=912  \\$aArticle
=914  \\$aJournal:jnl44750
=914  \\$fNature
=917  \\$aissued
=930  \\$a20101105$b20101204$c00000000
=935  \\$aIND44404996$9ExL
=945  \\$aIND$dRHF$e2010/11/05
=946  \\$aNon-US
=952  \\$a20101105 20101204 00000000$bIND RHF 2010/11/05
=961  \\$aUSDA/ARS
=974  \\$aagid:3127231
=984  \\$a2014-12-19
=985  \\$aConverted from MARCXML to MODS version 3.4 using MARC21slim2MODS3-4.xsl (Revision 1.95 2014/04/23)
=986  \\$a4404996

