=LDR  04176nab a2200721 u 4500
=001  9915815952307426
=005  20221120174152.0
=008  100115e20100205xx\|||||o|||||||||||eng||
=016  7\$aIND44313649$2DNAL
=024  7\$a10.1016/j.foreco.2009.09.003$2doi
=024  7\$a10113/37799$2hdl
=035  \\$aagid:37799-01nal_inst
=040  \\$aAGL$beng$cAGL
=072  \0$aK800
=072  \0$aB200
=072  \0$aF300
=072  \0$aK250
=072  \0$aX100
=100  1\$aLatta, Gregory
=245  10$aAnalysis of potential impacts of climate change on forests of the United States Pacific Northwest
=300  \\$ap. 720-729.
=500  \\$aIncludes references
=500  \\$a2019-12-05
=520  \\$aAs global climate changes over the next century, forest productivity is expected to change as well. Using PRISM climate and productivity data measured on a grid of 3356 plots, we developed a simultaneous autoregressive (SAR) model to estimate the impacts of climate change on potential productivity of Pacific Northwest (PNW) forests of the United States. Productivity, measured by projected potential mean annual increment (PMAI) at culmination, is explained by the interaction of annual temperature, precipitation, and precipitation in excess of evapotranspiration through the growing season. By utilizing information regarding spatial error in the SAR model, the resulting spatial bias is reduced thereby improving the accuracy of the resulting maps. The model, coupled with climate change output from four generalized circulation models, was used to predict the productivity impacts of four different scenarios derived from the fourth IPCC special report on emissions, representing different future economic and environmental states of the world, viz., scenario A1B, A2, B1 (low growth, high economic development and low energy usage), and COMMIT. In these scenarios, regional average temperature is expected to increase from 0.5 to 4.5°C, while precipitation shows no clear trend over time. For the west and east side of the Cascade Mountains, respectively, PMAI increases: 7% and 20% under A1B scenario; 8% and 23% under scenario A2; 5% and 15% under scenario B1, and 2% and 5% under the COMMIT scenario. These projections should be viewed as potential changes in productivity, since they do not reflect the mitigating effects of any shifts in management or public policy. For managers and policy makers, the results suggest the relative magnitude of effects and the potential variability of impacts across a range of climate scenarios.
=593  \\$aPubAg article
=593  \\$cUSDA submission
=650  \3$aequations
=650  \3$aforest yields
=650  \3$aglobal warming
=650  \3$astatistical models
=650  \3$aforest health
=651  \3$aCascade Mountain region
=651  \3$aNorthwestern United States
=653  \0$amean annual increment
=653  \0$asite classes
=653  \0$asimultaneous autoregressive models
=653  \0$aproductivity
=700  1\$aTemesgen, Hailemariam
=700  1\$aAdams, Darius
=700  1\$aBarrett, Tara
=773  0\$tForest ecology and management.$g2010 Feb. 5, v.  259, no.  4 p.720-729$dElsevier Science$x0378-1127$7nnas
=787  1\$oproduct_pubag
=787  1\$oislandora_article_repository
=787  1\$oislandora_pubag_with_text
=787  1\$o(Journal)jnl9013
=852  \\$aDNAL
=856  40$uhttps://handle.nal.usda.gov/10113/37799$3Available in the National Agricultural Library PubAg search system
=856  40$uhttp://dx.doi.org/10.1016/j.foreco.2009.09.003$3Available from publisher's Web site
=912  \\$aArticle
=914  \\$aJournal:jnl9013$b0378-1127$c259$d4$e720
=914  \\$fForest ecology and management
=917  \\$aissued
=930  \\$a20100125$b20100205$c00000000
=935  \\$aIND44313649$9ExL
=945  \\$aIND$dLYN$e2010/01/25
=946  \\$aNon-US
=949  \\$a2016-09-13
=952  \\$a20100125 20100205 00000000$bIND LYN 2010/01/25
=961  \\$aUSDA/FS
=974  \\$aagid:37799
=984  \\$a2011-03-19
=985  \\$aConverted from MARCXML to MODS version 3.4 using MARC21slim2MODS3-4.xsl (Revision 1.95 2014/04/23)
=986  \\$a4313649

