=LDR  05488nab a2200985 u 4500
=001  9915816048907426
=005  20221207064146.0
=008  091110e20090803xx\|||||o|||||||||||eng||
=016  7\$aIND44285065$2DNAL
=024  7\$a10.1371/journal.pone.0006487$2doi
=024  7\$aPMC2715104$2pmcid
=024  7\$a19649255$2pmid
=024  7\$a10113/37772$2hdl
=035  \\$aagid:37772-01nal_inst
=040  \\$aAGL$beng$cAGL
=072  \0$aF821
=072  \0$aL600
=072  \0$aL001
=072  \0$aB200
=100  1\$aJaramillo, Juliana$eauthor$uInstitute of Plant Diseases and Plant Protection, University of Hannover, Hannover, Germany
=245  10$aThermal Tolerance of the Coffee Berry Borer Hypothenemus hampei: Predictions of Climate Change Impact on a Tropical Insect Pest
=246  3\$aClimate Change & Coffee
=500  \\$a2019-12-05
=506  \\$aResource is Open Access$uhttp://purl.org/eprint/accessRights/OpenAccess
=520  \\$aCoffee is predicted to be severely affected by climate change. We determined the thermal tolerance of the coffee berry borer , Hypothenemus hampei , the most devastating pest of coffee worldwide, and make inferences on the possible effects of climate change using climatic data from Colombia, Kenya, Tanzania, and Ethiopia. For this, the effect of eight temperature regimes (15, 20, 23, 25, 27, 30, 33 and 35°C) on the bionomics of H. hampei was studied. Successful egg to adult development occurred between 20-30°C. Using linear regression and a modified Logan model, the lower and upper thresholds for development were estimated at 14.9 and 32°C, respectively. In Kenya and Colombia, the number of pest generations per year was considerably and positively correlated with the warming tolerance. Analysing 32 years of climatic data from Jimma (Ethiopia) revealed that before 1984 it was too cold for H. hampei to complete even one generation per year, but thereafter, because of rising temperatures in the area, 1-2 generations per year/coffee season could be completed. Calculated data on warming tolerance and thermal safety margins of H. hampei for the three East African locations showed considerably high variability compared to the Colombian site. The model indicates that for every 1°C rise in thermal optimum (T opt.), the maximum intrinsic rate of increase (r max) will increase by an average of 8.5%. The effects of climate change on the further range of H. hampei distribution and possible adaption strategies are discussed. Abstracts in Spanish and French are provided as supplementary material Abstract S1 and Abstract S2 .
=592  \\$aPublisher supplied data
=593  \\$aPubAg article
=593  \\$cUSDA submission
=506  0\$fUnrestricted online access$2star
=650  \3$aglobal warming
=650  \3$aadult development
=650  \3$alinear models
=650  \3$aheat tolerance
=650  \3$aova
=650  \3$arisk assessment
=650  \3$aclimate models
=650  \3$ainsect development
=650  \3$ainsect reproduction
=650  \3$aimagos
=650  \3$aHypothenemus hampei
=650  \3$ainsect pests
=650  \3$aair temperature
=650  \3$aeggs
=650  \3$acold
=650  \3$aecology
=650  \3$aenvironmental impact
=651  \3$aTanzania
=651  \3$aColombia
=651  \3$aEthiopia
=651  \3$aKenya
=653  \0$aadult insects
=653  \0$aclimate change
=653  \0$atemperature
=700  1\$aChabi-Olaye, Adenirin$eauthor$uInternational Center of Insect Physiology and Ecology (icipe), Nairobi, Kenya
=700  1\$aKamonjo, Charles$eauthor$uInternational Center of Insect Physiology and Ecology (icipe), Nairobi, Kenya
=700  1\$aJaramillo, Alvaro$eauthor$uCentro Nacional de Investigaciones de Café, Manizales, Colombia
=700  1\$aVega, Fernando E.$eauthor$uSustainable Perennial Crops Laboratory, United States Department of Agriculture, Agricultural Research Service, Beltsville, Maryland, United States of America
=700  1\$aPoehling, Hans-Michael$eauthor$uInstitute of Plant Diseases and Plant Protection, University of Hannover, Hannover, Germany
=700  1\$aBorgemeister, Christian$eauthor$uInternational Center of Insect Physiology and Ecology (icipe), Nairobi, Kenya
=700  1\$aRands, Sean$eEditor$uUniversity of Bristol, United Kingdom
=773  0\$tPloS one.$g, v. 4, no. 8$dPublic Library of Science$x1932-6203$7nnas
=787  1\$oproduct_pubag
=787  1\$oislandora_article_repository
=787  1\$oislandora_pubag_with_text
=787  1\$o(Journal)jnl4277198
=852  \\$aDNAL
=856  40$uhttps://handle.nal.usda.gov/10113/37772$3Available in the National Agricultural Library PubAg search system
=856  40$uhttp://dx.doi.org/10.1371/journal.pone.0006487$3Available from publisher's Web site
=912  \\$aArticle
=914  \\$aJournal:jnl4277198$b1932-6203$c4$d8$e3332
=914  \\$fPloS one
=917  \\$aissued
=918  2\$aPublic Library of Science$eprovider$5DNAL
=930  \\$a20100122$b20100205$c00000000
=935  \\$aIND44285065$9ExL
=945  \\$aIND$dRHF$e2010/01/21
=949  \\$a2016-09-13
=952  \\$a20100122 20100205 00000000$bIND RHF 2010/01/21
=953  \\$aPLOS_XML.zip
=961  \\$aUSDA/ARS
=962  \\$aBatch:1159 reviewed on 2016-01-05T13:00:02Z
=974  \\$aagid:37772
=984  \\$a2018-05-25
=985  \\$aConverted from MARCXML to MODS version 3.4 using MARC21slim2MODS3-4.xsl (Revision 1.95 2014/04/23)
=986  \\$a4285065

