=LDR  05678nab a2201045 u 4500
=001  9915816055807426
=005  20221207073102.0
=008  091110e20090818xx\|||||o|||||||||||eng||
=016  7\$aIND44284979$2DNAL
=024  7\$a10.1371/journal.pone.0006676$2doi
=024  7\$aPMC2722733$2pmcid
=024  7\$a19688089$2pmid
=024  7\$a10113/37779$2hdl
=035  \\$aagid:37779-01nal_inst
=040  \\$aAGL$beng$cAGL
=072  \0$aL200
=072  \0$aL100
=100  1\$aHayes, Ben J.$eauthor$uBiosciences Research Division, Department of Primary Industries Victoria, Melbourne, Victoria, Australia
=245  12$aA Validated Genome Wide Association Study to Breed Cattle Adapted to an Environment Altered by Climate Change
=246  3\$aDNA Markers for Adapted Cattle
=500  \\$a2019-12-05
=506  \\$aResource is Open Access$uhttp://purl.org/eprint/accessRights/OpenAccess
=520  \\$aContinued production of food in areas predicted to be most affected by climate change, such as dairy farming regions of Australia, will be a major challenge in coming decades. Along with rising temperatures and water shortages, scarcity of inputs such as high energy feeds is predicted. With the motivation of selecting cattle adapted to these changing environments, we conducted a genome wide association study to detect DNA markers (single nucleotide polymorphisms) associated with the sensitivity of milk production to environmental conditions. To do this we combined historical milk production and weather records with dense marker genotypes on dairy sires with many daughters milking across a wide range of production environments in Australia. Markers associated with sensitivity of milk production to feeding level and sensitivity of milk production to temperature humidity index on chromosome nine and twenty nine respectively were validated in two independent populations, one a different breed of cattle. As the extent of linkage disequilibrium across cattle breeds is limited, the underlying causative mutations have been mapped to a small genomic interval containing two promising candidate genes. The validated marker panels we have reported here will aid selection for high milk production under anticipated climate change scenarios, for example selection of sires whose daughters will be most productive at low levels of feeding.
=592  \\$aPublisher supplied data
=593  \\$aPubAg article
=593  \\$cUSDA submission
=506  0\$fUnrestricted online access$2star
=650  \3$adaughters
=650  \3$asires
=650  \3$afeeds
=650  \3$afeeding level
=650  \3$aanimal breeders
=650  \3$alinkage disequilibrium
=650  \3$adairy cattle
=650  \3$aglobal warming
=650  \3$agenes
=650  \3$agenetic markers
=650  \3$aartificial selection
=650  \3$agenome-wide association study
=650  \3$acattle breeds
=650  \3$agenotype
=650  \3$adairy farming
=650  \3$aanimal genetics
=650  \3$aenergy
=650  \3$achromosomes
=650  \3$arelative humidity
=650  \3$aair temperature
=650  \3$agenotype-environment interaction
=650  \3$amilking
=650  \3$asingle nucleotide polymorphism
=650  \3$awater shortages
=650  \3$aenvironmental factors
=650  \3$amilk production
=650  \3$afood production
=651  \3$aAustralia
=653  \0$ahumidity
=653  \0$acattle
=653  \0$aclimate change
=700  1\$aBowman, Phil J.$eauthor$uBiosciences Research Division, Department of Primary Industries Victoria, Melbourne, Victoria, Australia
=700  1\$aChamberlain, Amanda J.$eauthor$uBiosciences Research Division, Department of Primary Industries Victoria, Melbourne, Victoria, Australia
=700  1\$aSavin, Keith$eauthor$uBiosciences Research Division, Department of Primary Industries Victoria, Melbourne, Victoria, Australia
=700  1\$avan Tassell, Curt P.$eauthor$uUnited States Department of Agriculture, Agricultural Research Service, Bovine Functional Genomics Laboratory, Beltsville, Maryland, United States of America
=700  1\$aSonstegard, Tad S.$eauthor$uUnited States Department of Agriculture, Agricultural Research Service, Bovine Functional Genomics Laboratory, Beltsville, Maryland, United States of America
=700  1\$aGoddard, Mike E.$eauthor$uBiosciences Research Division, Department of Primary Industries Victoria, Melbourne, Victoria, Australia
=700  1\$aAñel, Juan A.$eEditor$uUniversidade de Vigo, Spain
=773  0\$tPloS one.$g, v. 4, no. 8$dPublic Library of Science$x1932-6203$7nnas
=787  1\$oproduct_pubag
=787  1\$oislandora_article_repository
=787  1\$oislandora_pubag_with_text
=787  1\$o(Journal)jnl4277198
=852  \\$aDNAL
=856  40$uhttps://handle.nal.usda.gov/10113/37779$3Available in the National Agricultural Library PubAg search system
=856  40$uhttp://dx.doi.org/10.1371/journal.pone.0006676$3Available from publisher's Web site
=912  \\$aArticle
=914  \\$aJournal:jnl4277198$b1932-6203$c4$d8$e83
=914  \\$fPloS one
=917  \\$aissued
=918  2\$aPublic Library of Science$eprovider$5DNAL
=930  \\$a20100122$b20100205$c00000000
=935  \\$aIND44284979$9ExL
=945  \\$aIND$dRHF$e2010/01/21
=949  \\$a2016-09-13
=952  \\$a20100122 20100205 00000000$bIND RHF 2010/01/21
=953  \\$aPLOS_XML.zip
=961  \\$aUSDA/ARS
=962  \\$aBatch:1159 reviewed on 2016-01-05T13:00:02Z
=974  \\$aagid:37779
=984  \\$a2018-05-25
=985  \\$aConverted from MARCXML to MODS version 3.4 using MARC21slim2MODS3-4.xsl (Revision 1.95 2014/04/23)
=986  \\$a4284979

