=LDR  03844nab a2200637 u 4500
=001  9915816376107426
=005  20221120184103.0
=008  081010e20081015xx\|||||o|||||||||||eng||
=016  7\$aIND44111886$2DNAL
=024  7\$a10.1016/j.scitotenv.2008.04.050$2doi
=024  7\$a10113/23175$2hdl
=035  \\$aagid:23175-01nal_inst
=040  \\$aAGL$beng$cAGL
=072  \0$aB200
=072  \0$aF300
=072  \0$aL300
=072  \0$aX330
=100  1\$aRustad, Lindsey E.
=245  14$aThe response of terrestrial ecosystems to global climate change: Towards an integrated approach
=300  \\$ap. 222-235.
=500  \\$aIn the special issue: Biochemistry of forested ecosystem / edited by Martin Novak, Melanie Vile and Merritt Turetsky. Paper presented at BIOGEOMON, the 5th International Symposium on Ecosystem Behaviour, June 25-30, 2006, University of California, Santa Cruz, California.
=500  \\$aIncludes references
=520  \\$aAccumulating evidence points to an anthropogenic 'fingerprint' on the global climate change that has occurred in the last century. Climate change has, and will continue to have, profound effects on the structure and function of terrestrial ecosystems. As such, there is a critical need to continue to develop a sound scientific basis for national and international policies regulating carbon sequestration and greenhouse gas emissions. This paper reflects on the nature of current global change experiments, and provides recommendations for a unified multidisciplinary approach to future research in this dynamic field. These recommendations include: (1) better integration between experiments and models, and amongst experimental, monitoring, and space-for-time studies; (2) stable and increased support for long-term studies and multi-factor experiments; (3) explicit inclusion of biodiversity, disturbance, and extreme events in experiments and models; (4) consideration of timing vs intensity of global change factors in experiments and models; (5) evaluation of potential thresholds or ecosystem 'tipping points'; and (6) increased support for model-model and model-experiment comparisons. These recommendations, which reflect discussions within the TERACC international network of global change scientists, will facilitate the unraveling of the complex direct and indirect effects of global climate change on terrestrial ecosystems and their components.
=593  \\$aPubAg article
=593  \\$cUSDA submission
=650  \3$aclimate change
=650  \3$aanthropogenic activities
=650  \3$aresearch
=650  \3$aenvironmental monitoring
=650  \3$aspecies diversity
=650  \3$aecosystems
=650  \3$acarbon dioxide
=650  \3$aelevated atmospheric gases
=773  0\$tScience of the total environment.$g2008 Oct. 15, v.  404, no.  2-3 p.222-235$dElsevier Science$x0048-9697$7nnas
=787  1\$oproduct_pubag
=787  1\$oislandora_article_repository
=787  1\$oislandora_pubag_with_text
=787  1\$o(Journal)jnl4455
=852  \\$aDNAL
=856  40$uhttps://handle.nal.usda.gov/10113/23175$3Available in the National Agricultural Library PubAg search system
=856  40$uhttp://dx.doi.org/10.1016/j.scitotenv.2008.04.050$3Available from publisher's Web site
=912  \\$aArticle
=914  \\$aJournal:jnl4455$b0048-9697$c404$d2-3$e222
=914  \\$fScience of the total environment
=917  \\$aissued
=930  \\$a20090901$b20091002$c00000000
=935  \\$aIND44111886$9ExL
=945  \\$aIND$dYLP$e2009/02/03
=946  \\$aNon-US
=949  \\$a2016-09-13
=952  \\$a20090901 20091002 00000000$bIND YLP 2009/02/03
=961  \\$aUSDA/FS
=974  \\$aagid:23175
=984  \\$a2009-10-03
=985  \\$aConverted from MARCXML to MODS version 3.4 using MARC21slim2MODS3-4.xsl (Revision 1.95 2014/04/23)
=986  \\$a4111886

