=LDR  04707nab a2200745 u 4500
=001  9915819292807426
=005  20221207065231.0
=008  150316e20110914xx\|||||o|||||||||||eng||
=016  7\$aIND601216014$2DNAL
=024  7\$a10.1371/journal.pone.0024528$2doi
=024  7\$aPMC3173381$2pmcid
=024  7\$a21935419$2pmid
=035  \\$aagid:1216014-01nal_inst
=040  \\$aAGL$beng$cAGL
=100  1\$aJaramillo, Juliana$eauthor$uInstitute of Plant Diseases and Plant Protection, University of Hannover, Hannover, Germany
=245  10$aSome Like It Hot: The Influence and Implications of Climate Change on Coffee Berry Borer (Hypothenemus hampei) and Coffee Production in East Africa
=246  3\$aClimate Change, Coffee and the Coffee Berry Borer
=506  \\$aResource is Open Access$uhttp://purl.org/eprint/accessRights/OpenAccess
=520  \\$aThe negative effects of climate change are already evident for many of the 25 million coffee farmers across the tropics and the 90 billion dollar (US) coffee industry. The coffee berry borer (Hypothenemus hampei), the most important pest of coffee worldwide, has already benefited from the temperature rise in East Africa: increased damage to coffee crops and expansion in its distribution range have been reported. In order to anticipate threats and prioritize management actions for H. hampei we present here, maps on future distributions of H. hampei in coffee producing areas of East Africa. Using the CLIMEX model we relate present-day insect distributions to current climate and then project the fitted climatic envelopes under future scenarios A2A and B2B (for HADCM3 model). In both scenarios, the situation with H. hampei is forecasted to worsen in the current Coffea arabica producing areas of Ethiopia, the Ugandan part of the Lake Victoria and Mt. Elgon regions, Mt. Kenya and the Kenyan side of Mt. Elgon, and most of Rwanda and Burundi. The calculated hypothetical number of generations per year of H. hampei is predicted to increase in all C. arabica -producing areas from five to ten. These outcomes will have serious implications for C. arabica production and livelihoods in East Africa. We suggest that the best way to adapt to a rise of temperatures in coffee plantations could be via the introduction of shade trees in sun grown plantations. The aims of this study are to fill knowledge gaps existing in the coffee industry, and to draft an outline for the development of an adaptation strategy package for climate change on coffee production. An abstract in Spanish is provided as Abstract S1 .
=592  \\$aPublisher supplied data
=593  \\$aPubAg article
=506  0\$fUnrestricted online access$2star
=650  \3$aCoffea arabica
=650  \3$aHypothenemus hampei
=650  \3$aclimate change
=650  \3$acrop production
=650  \3$acrops
=650  \3$ainsect pests
=650  \3$alivelihood
=650  \3$amodels
=650  \3$aplantations
=650  \3$ashade trees
=650  \3$atemperature
=650  \3$atropics
=651  \3$aBurundi
=651  \3$aEthiopia
=651  \3$aKenya
=651  \3$aRwanda
=651  \3$aUganda
=700  1\$aMuchugu, Eric$eauthor$uInternational Center of Insect Physiology and Ecology (icipe), Nairobi, Kenya
=700  1\$aVega, Fernando E.$eauthor$uSustainable Perennial Crops Laboratory, United States Department of Agriculture, Agricultural Research Service, Beltsville, Maryland, United States of America
=700  1\$aDavis, Aaron$eauthor$uRoyal Botanic Gardens, Kew, Richmond, Surrey, United Kingdom
=700  1\$aBorgemeister, Christian$eauthor$uInternational Center of Insect Physiology and Ecology (icipe), Nairobi, Kenya
=700  1\$aChabi-Olaye, Adenirin$eauthor$uInternational Center of Insect Physiology and Ecology (icipe), Nairobi, Kenya
=700  1\$aThrush, Simon$eEditor$uNational Institute of Water & Atmospheric Research, New Zealand
=773  0\$tPloS one.$g, v. 6, no. 9$dPublic Library of Science$x1932-6203$7nnas
=787  1\$oislandora_article_repository
=787  1\$oproduct_pubag
=787  1\$o(Journal)jnl4277198
=856  40$uhttp://dx.doi.org/10.1371/journal.pone.0024528$3Available from publisher's site
=912  \\$aArticle
=914  \\$aJournal:jnl4277198$b1932-6203$c6$d9
=914  \\$fPloS one
=916  \\$aBatch:1159
=917  \\$aissued
=918  2\$aPublic Library of Science$eprovider$5DNAL
=935  \\$aIND601216014$9ExL
=949  \\$a2020-03-06
=953  \\$aPLOS_XML.zip
=961  \\$aUSDA/ARS
=962  \\$aIncludes JATS article full-text content.
=962  \\$aBatch:1159 reviewed on 2016-01-05T13:00:02Z
=974  \\$aagid:1216014
=983  \\$a2015-03-16
=984  \\$a2020-03-06

