=LDR  05490nab a2200889 u 4500
=001  9915823693807426
=005  20221214224403.0
=008  200610e20200503xx\|||||o|||||||||||eng||
=016  7\$aIND606982476$2DNAL
=024  7\$a365956$2aris
=024  7\$a10113/6982476$2hdl
=024  7\$a10.1080/14735903.2020.1750254$2doi
=024  7\$a365956$2seq_no_115
=024  7\$a5030-11610-005-00D$2aris_project_no
=024  7\$a435648$2aris_accn_no
=035  \\$aagid:6982476-01nal_inst
=040  \\$aAGL$beng$cAGL
=100  1\$aO'Dell, Deb$eauthor$uDepartment of Biosystems Engineering and Soil Science, University of Tennessee Institute of Agriculture (UTIA), Knoxville, TN, USA
=245  10$aConservation agriculture as a climate change mitigation strategy in Zimbabwe
=300  \\$ap. 250-265.
=520  \\$aThere is a need to quantify agriculture's potential to sequester carbon (C) to inform global approaches aimed at mitigating climate change effects. Many factors including climate, crop, soil management practices, and soil type can influence the contribution of agriculture to the global carbon cycle. The objective of this study was to investigate the C sequestration potential of conservation agriculture (CA) (defined by minimal soil disturbance, maintaining permanent soil cover, and crop rotations). This study used micrometeorological methods to measure carbon dioxide (CO₂) flux from several alternative CA practices in Harare, central Zimbabwe. Micrometeorological methods can detect differences in total CO₂ emissions of agricultural management practices; our results show that CA practices produce less CO₂ emissions. Over three years of measurement, the mean and standard error (SE) of CO₂ emissions for the plot with the most consistent CA practices was 0.564 ± 0.0122 g CO₂ m⁻² h⁻¹, significantly less than 0.928 ± 0.00859 g CO₂ m⁻² h⁻¹ for the conventional tillage practice. Overall CA practices of no-till with the use of cover crops produced fewer CO₂ emissions than conventional tillage and fallow.
=592  \\$aPublisher supplied data
=593  \\$aPubAg article
=593  \\$eARIS manuscript
=650  \3$aagricultural conservation practice
=650  \3$acarbon dioxide
=650  \3$acarbon sequestration
=650  \3$aclimate change
=650  \3$aclimatic factors
=650  \3$aconventional tillage
=650  \3$acover crops
=650  \3$acrop rotation
=650  \3$adisturbed soils
=650  \3$afallow
=650  \3$agreenhouse gas emissions
=650  \3$ano-tillage
=651  \3$aZimbabwe
=653  \0$aConservation agriculture
=653  \0$acarbon dioxide (CO2) emissions
=653  \0$ano-till
=653  \0$amicrometeorology
=653  \0$aclimate change mitigation
=700  1\$aEash, Neal S.$eauthor$uDepartment of Biosystems Engineering and Soil Science, University of Tennessee Institute of Agriculture (UTIA), Knoxville, TN, USA
=700  1\$aHicks, Bruce B.$eauthor$uDepartment of Biosystems Engineering and Soil Science, University of Tennessee Institute of Agriculture (UTIA), Knoxville, TN, USA
=700  1\$aOetting, Joel N.$eauthor$uDepartment of Biosystems Engineering and Soil Science, University of Tennessee Institute of Agriculture (UTIA), Knoxville, TN, USA
=700  1\$aSauer, Thomas J.$eauthor$uUnited States Department of Agriculture Agricultural Research Service, Ames, IA, USA$1https://orcid.org/0000-0002-7047-1233
=700  1\$aLambert, Dayton M.$eauthor$uDepartment of Agricultural Economics, Oklahoma State University, Stillwater, OK, USA
=700  1\$aThierfelder, Christian$eauthor$uInternational Maize and Wheat Improvement Center, Southern Africa Regional Office
=700  1\$aMuoni, Tarirai$eauthor$uSwedish University of Agricultural Sciences Uppsala, Sweden
=700  1\$aLogan, Joanne$eauthor$uDepartment of Biosystems Engineering and Soil Science, University of Tennessee Institute of Agriculture (UTIA), Knoxville, TN, USA
=700  1\$aZahn, James A.$eauthor$uDuPont Tate & Lyle Bio Products, LLC, Loudon, TN, USA
=700  1\$aGoddard, John J.$eauthor$uUniversity of Tennessee Extension-Loudon, Loudon, TN, USA
=773  0\$tInternational journal of agricultural sustainability.$g2020 May 3, v. 18, no. 3 p.250-265$dTaylor & Francis$wJournal:jnl4004155$x1747-762X$7nnas
=787  1\$oislandora_article_repository
=787  1\$oproduct_pubag
=787  1\$o(Journal)jnl4004155
=856  40$uhttps://dx.doi.org/10.1080/14735903.2020.1750254$3Available from publisher's site
=856  40$uhttps://handle.nal.usda.gov/10113/6982476$3Available in the National Agricultural Library PubAg search system
=912  \\$aArticle
=914  \\$aJournal:jnl4004155$b1747-762X$c18$d3$e250
=914  \\$fInternational journal of agricultural sustainability
=916  \\$aBatch:2505
=916  \\$aBatch:2535
=917  \\$aissued
=918  2\$aTaylor & Francis Group$eprovider$5DNAL
=935  \\$aIND606982476$9ExL
=949  \\$a2020-09-02
=953  \\$a/data/metadata/incoming/taylorfrancis/tags20_tags20.v018.i03_20200610033552#20416229.zip
=954  \\$afile:/data/metadata/staging/taylorfrancis/14735903.2020.1750254.xml
=955  \\$a/data/metadata/staging/taylorfrancis/
=961  \\$aUSDA/ARS
=962  \\$aARIS manuscript submission
=962  \\$aARIS Manuscript
=962  \\$aBatch:2535 reviewed on 2020-09-02T15:00:12Z
=974  \\$aagid:6982476
=983  \\$a2020-06-10
=984  \\$a2020-09-02

