=LDR  03828nab a2200649 u 4500
=001  9915824532107426
=005  20221119044413.0
=008  160316e20130408xx\|||||o|||||||||||eng||
=016  7\$aIND605156026$2DNAL
=024  7\$a10.1139/cjb-2012-0300$2doi
=035  \\$aagid:5156026-01nal_inst
=040  \\$aAGL$beng$cAGL
=100  1\$aGrewell, Brenda J.$eauthor$uUSDA-ARS Exotic & Invasive Weeds Research Unit, University of California, Davis, Department of Plant Sciences Mail Stop 4, 1 Shields Avenue, Davis, CA 95616, USA.
=245  10$aSea change under climate change: case studies in rare plant conservation from the dynamic San Francisco Estuary1
=300  \\$ap. 309-318.
=520  \\$aWe present case studies supporting management of two rare plant species in tidal wetlands of the San Francisco Estuary. We used empirical demographic analyses to identify factors to enhance population establishment and survival of Chloropyron molle subsp. molle (Orobancaceae), an annual hemiparasite, and to compare reintroduced with natural populations. Twelve years after outplanting, the reintroduced population persists but is in decline; impediments to success include the lack of adaptive management response to weed invasions and muted variance in hydrology. Transplantation of Lilaeopsis masonii (Apiaceae), a rhizomatous perennial herb, failed to meet success criteria for mitigation at local project scale, but dispersal and establishment of metapopulation patches indicated persistence at the landscape scale. This species has been found to be genetically indistinct from a widespread congener, and has few threats to persistence so long as suitable habitat is present. These two examples demonstrate the need for integrated conservation management strategies that prioritize habitat connectivity and maintain physical processes to support dispersal in response to sea level rise. For the hemiparasite, assisted colonization may sustain populations threatened by sea level rise, but only if a strong commitment to effective stewardship is realized.
=592  \\$aPublisher supplied data
=593  \\$aPubAg article
=650  \3$aCordylanthus
=650  \3$aLilaeopsis
=650  \3$aadaptive management
=650  \3$acase studies
=650  \3$aclimate change
=650  \3$aconservation plants
=650  \3$aestuaries
=650  \3$ahabitats
=650  \3$alandscapes
=650  \3$asea level
=650  \3$avariance
=650  \3$awetlands
=653  \0$aplant reintroduction
=653  \0$awetland restoration
=653  \0$aadaptive management
=653  \0$aclimate change
=653  \0$aChloropyron molle subsp. molle
=653  \0$aLilaeopsis masonii
=700  1\$aEspeland, Erin K.$eauthor$uUSDA-ARS Northern Plains Agricultural Laboratory Pest Management Research Unit, 1500 North Central Avenue, Sidney, MT 59270, USA. [USDA is an equal opportunity provider and employer.]
=700  1\$aFiedler, Peggy L.$eauthor$uNatural Reserve System, University of California, Office of the President, 1111 Franklin Street, 6th Floor, Oakland, CA 94607, USA.
=773  0\$tBotany.$g2013 Apr. 8, v. 91, no. 5 p.309-318$dNRC Research Press$x1916-2804$7nnas
=787  1\$oislandora_article_repository
=787  1\$oproduct_pubag
=787  1\$o(Journal)jnl44657
=856  40$uhttp://dx.doi.org/10.1139/cjb-2012-0300$3Available from publisher's site
=912  \\$aArticle
=914  \\$aJournal:jnl44657$b1916-2804$c91$d5$e309
=914  \\$fBotany
=916  \\$aBatch:1274
=917  \\$aissued
=918  2\$aNRC Canada$eprovider$5DNAL
=935  \\$aIND605156026$9ExL
=949  \\$a2016-04-28
=953  \\$aCJBv91i5-05080729-326201.zip
=961  \\$aUSDA/ARS
=962  \\$aBatch:1274 reviewed on 2016-04-28T12:00:02Z
=974  \\$aagid:5156026
=983  \\$a2016-03-16
=984  \\$a2016-04-28

