=LDR  04195nab a2200649 u 4500
=001  9915826475207426
=005  20221119003600.0
=008  210302e202103\\xx\|||||o|||||||||||eng||
=016  7\$aIND607297485$2DNAL
=024  7\$a10.1111/ejss.13010$2doi
=035  \\$aagid:7297485-01nal_inst
=040  \\$aAGL$beng$cAGL
=100  1\$aCorwin, Dennis L.$eauthor$uUSDA‐ARS, U.S. Salinity Laboratory, Riverside, California, USA$1https://orcid.org/0000-0003-3096-9325
=245  10$aClimate change impacts on soil salinity in agricultural areas
=300  \\$ap. 842-862.
=500  \\$aNAL-AP-2-clean
=500  \\$aREVIEW
=520  \\$aChanges in climate patterns are dramatically influencing some agricultural areas. Arid, semi‐arid and coastal agricultural areas are especially vulnerable to climate change impacts on soil salinity. Inventorying and monitoring climate change impacts on salinity are crucial to evaluate the extent of the problem, to recognize trends and to formulate irrigation and crop management strategies that will maintain the agricultural productivity of these areas. Over the past three decades, Corwin and colleagues at the U.S. Salinity Laboratory (USSL) have developed proximal sensor and remote imagery methodologies for assessing soil salinity at multiple scales. The objective of this paper is to evaluate the impact climate change has had on selected agricultural areas experiencing weather pattern changes, with a focus on the use of proximal and satellite sensors to assess salinity development. Evidence presented in case studies for Californiaʼs San Joaquin Valley (SJV) and Minnesotaʼs Red River Valley (RRV) demonstrates the utility of these sensor approaches in assessing soil salinity changes due to changes in weather patterns. Agricultural areas are discussed where changes in weather patterns have increased root‐zone soil salinity, particularly in areas with shallow water tables (SJV and RRV), coastal areas with seawater intrusion (e.g., Bangladesh and the Gaza Strip) and water‐scarce areas potentially relying on degraded groundwater as an irrigation source (SJV and Murray‐Darling River Basin). Trends in salinization due to climate change indicate that the infrastructure and protocols to monitor soil salinity from field to regional to national to global scales are needed. HIGHLIGHTS: Climate change will have a negative impact on agriculture, particularly in arid regions. Proximal/remote sensors are useful to assess climate change impact on soil salinity across scales. Salt‐water intrusion, shallow water tables and degraded water reuse will increase soil salinity. Infrastructure and protocols to monitor soil salinity across multiple scales are needed.
=592  \\$aPublisher supplied data
=593  \\$aPubAg article
=650  \3$aagricultural productivity
=650  \3$aclimate change
=650  \3$acrop management
=650  \3$agroundwater
=650  \3$ainfrastructure
=650  \3$airrigation
=650  \3$arhizosphere
=650  \3$ariver valleys
=650  \3$asalinity
=650  \3$asaltwater intrusion
=650  \3$asatellites
=650  \3$asoil salinity
=650  \3$awater reuse
=650  \3$awatersheds
=650  \3$aweather
=651  \3$aBangladesh
=651  \3$aPalestine
=773  0\$tEuropean journal of soil science.$g2021 Mar., v. 72, no. 2 p.842-862$dBlackwell Publishing Ltd$wJournal:jnl51589$x1351-0754$7nnas
=787  1\$oislandora_article_repository
=787  1\$oproduct_pubag
=787  1\$o(Journal)jnl51589
=856  40$uhttp://dx.doi.org/10.1111/ejss.13010$3Available from publisher's site
=912  \\$aArticle
=914  \\$aJournal:jnl51589$b1351-0754$c72$d2$e842
=914  \\$fEuropean journal of soil science
=916  \\$aBatch:10115
=917  \\$aissued
=918  2\$aJohn Wiley & Sons, Inc$eprovider$5DNAL
=935  \\$aIND607297485$9ExL
=949  \\$a2021-07-06
=953  \\$a/data/metadata/incoming/wiley/13510754_2021_72_2.xml
=954  \\$afile:/data/metadata/staging/wiley/13510754_2021_72_2.xml
=955  \\$a/data/metadata/staging/wiley/
=961  \\$aUSDA/ARS
=974  \\$aagid:7297485
=983  \\$a2021-03-02
=984  \\$a2021-07-06

