=LDR  07643nab a2200997 u 4500
=001  9915827827407426
=005  20221119013904.0
=008  220802e202209\\xx\|||||o|||||||||||eng||
=016  7\$aIND607860266$2DNAL
=024  7\$a10.1111/gcb.16278$2doi
=035  \\$aagid:7860266-01nal_inst
=040  \\$aAGL$beng$cAGL
=100  1\$aDe Marco, Alessandra$eauthor$uENEA, CR Casaccia, SSPT‐PVS, Rome, Italy$1https://orcid.org/0000-0001-7200-2257
=245  10$aStrategic roadmap to assess forest vulnerability under air pollution and climate change
=300  \\$ap. 5062-5085.
=500  \\$aREVIEW
=520  \\$aAlthough it is an integral part of global change, most of the research addressing the effects of climate change on forests have overlooked the role of environmental pollution. Similarly, most studies investigating the effects of air pollutants on forests have generally neglected the impacts of climate change. We review the current knowledge on combined air pollution and climate change effects on global forest ecosystems and identify several key research priorities as a roadmap for the future. Specifically, we recommend (1) the establishment of much denser array of monitoring sites, particularly in the South Hemisphere; (2) further integration of ground and satellite monitoring; (3) generation of flux‐based standards and critical levels taking into account the sensitivity of dominant forest tree species; (4) long‐term monitoring of N, S, P cycles and base cations deposition together at global scale; (5) intensification of experimental studies, addressing the combined effects of different abiotic factors on forests by assuring a better representation of taxonomic and functional diversity across the ~73,000 tree species on Earth; (6) more experimental focus on phenomics and genomics; (7) improved knowledge on key processes regulating the dynamics of radionuclides in forest systems; and (8) development of models integrating air pollution and climate change data from long‐term monitoring programs.
=592  \\$aPublisher supplied data
=593  \\$aPubAg article
=596  \\$a276671$cAcademy of Finland
=596  \\$a311929$cAcademy of Finland
=596  \\$a316182$cAcademy of Finland
=596  \\$aLIFE15 ENV/IT/000183$cEuropean Commission
=596  \\$aLIFE19 ENV/FR/000086$cEuropean Commission
=596  \\$aLIFE20 GIE/IT/000091$cEuropean Commission
=596  \\$aJPMJSC16HB$cJST SICORP
=596  \\$aDE‐EM0005228$cUS Department of Energy
=650  \3$aair
=650  \3$aair pollution
=650  \3$aclimate change
=650  \3$aforest trees
=650  \3$aforests
=650  \3$afunctional diversity
=650  \3$agenomics
=650  \3$aphenomics
=650  \3$asatellites
=700  1\$aSicard, Pierre$eauthor$uARGANS, Biot, France
=700  1\$aFeng, Zhaozhong$eauthor$uKey Laboratory of Agro‐Meteorology of Jiangsu Province, School of Applied Meteorology, Nanjing University of Information Science & Technology, Nanjing, China
=700  1\$aAgathokleous, Evgenios$eauthor$uKey Laboratory of Agro‐Meteorology of Jiangsu Province, School of Applied Meteorology, Nanjing University of Information Science & Technology, Nanjing, China
=700  1\$aAlonso, Rocio$eauthor$uEcotoxicology of Air Pollution, CIEMAT, Madrid, Spain
=700  1\$aAraminiene, Valda$eauthor$uLithuanian Research Centre for Agriculture and Forestry, Kaunas, Lithuania
=700  1\$aAugustatis, Algirdas$eauthor$uFaculty of Forest Sciences and Ecology, Vytautas Magnus University, Kaunas, Lithuania
=700  1\$aBadea, Ovidiu$eauthor$u"Marin Drăcea" National Institute for Research and Development in Forestry, Voluntari, Romania
=700  1\$aBeasley, James C.$eauthor$uSavannah River Ecology Laboratory and Warnell School of Forestry and Natural Resources, University of Georgia, Aiken, South Carolina, USA
=700  1\$aBranquinho, Cristina$eauthor$uCentre for Ecology, Evolution and Environmental Changes, Faculdade de Ciências, Universidade de Lisboa, Lisbon, Portugal
=700  1\$aBruckman, Viktor J.$eauthor$uCommission for Interdisciplinary Ecological Studies, Austrian Academy of Sciences, Vienna, Austria
=700  1\$aCollalti, Alessio$eauthor$uForest Modeling Lab., ISAFOM‐CNR, Perugia, Italy$1https://orcid.org/0000-0002-4980-8487
=700  1\$aDavid‐Schwartz, Rakefet$eauthor$uInstitute of Plant Sciences, ARO-Volcani Center, Rishon LeTsiyon, Israel
=700  1\$aDomingos, Marisa$eauthor$uInstituto de Botanica, Nucleo de Pesquisa em Ecologia, Sao Paulo, Brazil
=700  1\$aDu, Enzai$eauthor$uFaculty of Geographical Science, Beijing Normal University, Beijing, China$1https://orcid.org/0000-0002-5519-0150
=700  1\$aGarcia Gomez, Hector$eauthor$uEcotoxicology of Air Pollution, CIEMAT, Madrid, Spain
=700  1\$aHashimoto, Shoji$eauthor$uDepartment of Forest Soils, Forestry and Forest Products Research Institute, Tsukuba, Japan
=700  1\$aHoshika, Yasutomo$eauthor$uIRET‐CNR, Sesto Fiorentino, Italy
=700  1\$aJakovljevic, Tamara$eauthor$uCroatian Forest Research Institute, Jastrebarsko, Croatia
=700  1\$aMcNulty, Steven$eauthor$uUSDA Forest Service, Research Triangle Park, USA
=700  1\$aOksanen, Elina$eauthor$uDepartment of Environmental and Biological Sciences, University of Eastern Finland, Joensuu, Finland
=700  1\$aOmidi Khaniabadi, Yusef$eauthor$uDepartment of Environmental Health Engineering, Industrial Medial and Health, Petroleum Industry Health Organization (PIHO), Ahvaz, Iran
=700  1\$aPrescher, Anne‐Katrin$eauthor$uThuenen Institute of Forest Ecosystems, Eberswalde, Germany
=700  1\$aSaitanis, Costas J.$eauthor$uLab of Ecology and Environmental Science, Agricultural University of Athens, Athens, Greece
=700  1\$aSase, Hiroyuki$eauthor$uEcological Impact Research Department, Asia Center for Air Pollution Research (ACAP), Niigata, Japan
=700  1\$aSchmitz, Andreas$eauthor$uState Agency for Nature, Environment and Consumer Protection of North Rhine‐Westphalia, Recklinghausen, Germany
=700  1\$aVoigt, Gabriele$eauthor$ur.e.m. Consulting, Perchtoldsdorf, Austria
=700  1\$aWatanabe, Makoto$eauthor$uInstitute of Agriculture, Tokyo University of Agriculture and Technology (TUAT), Fuchu, Japan
=700  1\$aWood, Michael D.$eauthor$uSchool of Science, Engineering and Environment, University of Salford, Salford, UK
=700  1\$aKozlov, Mikhail V.$eauthor$uDepartment of Biology, University of Turku, Turku, Finland$1https://orcid.org/0000-0002-9500-4244
=700  1\$aPaoletti, Elena$eauthor$uDepartment of Forest Soils, Forestry and Forest Products Research Institute, Tsukuba, Japan$1https://orcid.org/0000-0001-5324-7769
=773  0\$tGlobal change biology.$g2022 Sept., v. 28, no. 17 p.5062-5085$dJohn Wiley & Sons, Ltd$wJournal:jnl57021$x1354-1013$7nnas
=787  1\$oislandora_article_repository
=787  1\$oproduct_pubag
=787  1\$o(Journal)jnl57021
=856  40$uhttps://dx.doi.org/10.1111/gcb.16278$3Available from publisher's site
=912  \\$aArticle
=914  \\$aJournal:jnl57021$b1354-1013$c28$d17$e5062
=914  \\$fGlobal change biology
=917  \\$aissued
=918  2\$aJohn Wiley & Sons, Inc$eprovider$5DNAL
=935  \\$aIND607860266$9ExL
=949  \\$a2022-08-02
=952  \\$dNAL-AP-2-clean
=953  \\$a/data/metadata/incoming/wiley/13541013_2022_28_17.xml
=954  \\$afile:/data/metadata/staging/wiley/13541013_2022_28_17.xml
=955  \\$a/data/metadata/staging/wiley/
=961  \\$aUSDA/FS
=974  \\$aagid:7860266
=983  \\$a2022-08-02
=984  \\$a2022-08-02

