=LDR  04043nab a2200685 u 4500
=001  9915828650407426
=005  20221119021958.0
=008  151124s2014\\\\xx\|||||o|||||||||||eng||
=016  7\$aIND601268997$2DNAL
=035  \\$aagid:1268997-01nal_inst
=040  \\$aAGL$beng$cAGL
=100  1\$aCurnutte, Levi B.$eauthor$uEnvironmental Studies Program, College of Charleston, Charleston, SC 29424.
=245  10$aClimate Change and Bemisia tabaci (Hemiptera: Aleyrodidae): Impacts of Temperature and Carbon Dioxide on Life History
=300  \\$ap. 933-943.
=500  \\$a2019-12-04
=520  \\$aClimate change is relevant to life around the globe. A rise in ambient temperature and carbon dioxide (CO₂) may have various impacts on arthropods such as altered life cycles, modified reproductive patterns, and changes in distribution. The sweetpotato whitefly, Bemisia tabaci (Gennadius) (Hemiptera: Aleyrodidae), is a global pest responsible for significant losses of agricultural yields annually. This study was conducted to determine the impacts of changing temperature and CO₂ levels on selected life history parameters of B. tabaci biotype B. Populations were established at three temperature regimes (25,28, and 33°C), and each population was evaluated in all three environments. Collard, Brassica oleracea ssp. acephala de Condolle (Brassicaceae), was used as the host. These results were based on data from 5 to ≈30 generations. Oviposition, nymphal survival, and reproduction were significantly affected by temperature, with net reproductive success declining to 36.4% at 33°C. Overall, 28°C was most favorable for whitefly fitness. However, the optimal temperature for B. tabaci reproduction may be between 28 and 33°C. There were no temperature effects on total nonstructural carbohydrate concentrations in collard, and impacts of the host plant on whitefly development in the different environments were determined to be minimal. An environment of enriched CO₂ (750 ppm) was not observed to have an adverse effect on whitefly reproduction. Temperature was negatively correlated with adult body size. Length and width of males and females were affected by temperature. Data regarding population dynamics of B. tabaci in response to climate change are important for accurate predictions and improving management practices.
=592  \\$aPublisher supplied data
=650  \3$alife history
=650  \3$aoviposition
=650  \3$aarthropods
=650  \3$acarbon dioxide enrichment
=650  \3$apopulation dynamics
=650  \3$aadults
=650  \3$acarbon dioxide
=650  \3$acorrelation
=650  \3$amales
=650  \3$aambient temperature
=650  \3$ayields
=650  \3$afemales
=650  \3$aBemisia tabaci
=650  \3$ahost plants
=650  \3$aclimate change
=650  \3$apests
=650  \3$aBrassica oleracea
=650  \3$aadverse effects
=650  \3$aprediction
=650  \3$abody size
=650  \3$apopulation
=653  \0$atemperature
=653  \0$aHemiptera
=700  1\$aSimmons, Alvin M.$eauthor$uUSDA-ARS, U.S. Vegetable Laboratory, 2700 Savannah Highway, Charleston, SC 29414.
=700  1\$aAbd-Rabou, Shaaban$eauthor$uMinistry of Agriculture, ARC, Plant Protection Research Institute, 7 Nadi El-Seid, Dokki, Giza, Egypt.
=773  0\$tAnnals of the Entomological Society of America.$g2014, v. 107, no. 5 p.933-943$dEntomological Society of America$x0013-8746$7nnas
=787  1\$oislandora_article_repository
=787  1\$o(Journal)jnl44731
=912  \\$aArticle
=914  \\$aJournal:jnl44731$b0013-8746$c107$d5$e933
=914  \\$fAnnals of the Entomological Society of America
=916  \\$aBatch:1194
=917  \\$aissued
=918  2\$aBioOne$eprovider$5DNAL
=935  \\$aIND601268997$9ExL
=949  \\$a2016-02-09
=953  \\$aESAAv107i5-08290259-410747.zip
=961  \\$aUSDA/ARS
=962  \\$aNo DOI
=962  \\$aBatch:1194 reviewed on 2016-02-09T14:00:02Z
=974  \\$aagid:1268997
=983  \\$a2015-11-24
=984  \\$a2016-02-09

