=LDR  03624nab a2200685 u 4500
=001  9915830648007426
=005  20221119033553.0
=008  080219e200705\\xx\|||||o|||||||||||eng||
=016  7\$aIND44016760$2DNAL
=024  7\$a10113/10743$2hdl
=035  \\$aagid:10743-01nal_inst
=040  \\$aAGL$beng$cAGL
=072  \0$aP200
=072  \0$aB200
=072  \0$aX100
=100  1\$aZhang, G.H.
=245  10$aPotential Effects of Climate Change on Runoff in the Yellow River Basin of China
=300  \\$ap. 911-918.
=500  \\$aIncludes references
=500  \\$a2019-12-04
=520  \\$aWater scarcity is one of the most challenging issues in arid and semi-arid regions. In the Yellow River basin, rapid growth of population, urbanization, and industrialization have caused ever-increasing competition for water. This study was conducted to evaluate the potential effects of climate change on mean annual runoff in the Yellow River basin under different climate change scenarios projected by the Hadley Centre's third-generation general circulation model (HadCM3) using an evaporation ratio function of the aridity index. The results showed that annual runoff was more sensitive to change in precipitation than to change in evaporation. Simulations using HadCM3 scenarios A2 and B2 indicated that the changes in annual runoff compared to 30-year average runoff for each region, which varied from region to region, ranged from -34.1% to 49.6%. In general, the potential changes in annual runoff were greater in the middle and down reaches of the Yellow River basin. For the Yellow River basin as a whole, the mean annual runoff increased up to 2.2%, 12.3%, and 11.4% for scenario A2, and the changes were 8.4%, -0.1%, and 5.3% for scenario B2 by the years 2020, 2050, and 2080, respectively. However, the increase in future annual runoff will be insufficient to meet projected water demands of the Yellow River Basin. Proper water management and water conservation technologies will need to be considered for the coming century to avoid water shortages. The expected increases in runoff require that more attention will be given to soil and water conservation practices such as vegetation and check-dam construction.
=593  \\$aPubAg article
=650  \3$arivers
=650  \3$astream flow
=650  \3$aGeneral Circulation Models
=650  \3$awatersheds
=650  \3$aevaporation
=650  \3$awatershed hydrology
=650  \3$aglobal warming
=650  \3$arunoff
=651  \3$aYellow River
=651  \3$aChina
=653  \0$aannual runoff
=653  \0$aprecipitation
=653  \0$aaridity index
=653  \0$aclimate change
=700  1\$aFu, S.H.
=700  1\$aFang, W.H.
=700  1\$aImura, H.
=700  1\$aZhang, X.C.
=773  0\$tTransactions of the ASABE.$g2007 , v.  50, no.  3 p.911-918$7nnas
=787  1\$oproduct_pubag
=787  1\$oislandora_pubag_with_text
=787  1\$oislandora_article_repository
=852  \\$aDNAL
=856  40$uhttps://handle.nal.usda.gov/10113/10743$3Available in the National Agricultural Library PubAg search system
=912  \\$aArticle
=914  \\$fTransactions of the ASABE
=917  \\$aissued
=930  \\$a20080423$b20080502$c00000000
=935  \\$aIND44016760$9ExL
=945  \\$aIND$dRHF$e2008/03/05
=946  \\$aOther US
=949  \\$a2014-07-17
=952  \\$a20080423 20080502 00000000$bIND RHF 2008/03/05
=961  \\$aUSDA/ARS
=974  \\$aagid:10743
=984  \\$a2010-02-13
=985  \\$aConverted from MARCXML to MODS version 3.4 using MARC21slim2MODS3-4.xsl (Revision 1.95 2014/04/23)
=986  \\$a4016760

