=LDR  03908nab a2200745 u 4500
=001  9915834088807426
=005  20221119053117.0
=008  080317s2004\\\\xx\|||||||||||||||||eng||
=016  7\$aIND44028931$2DNAL
=024  7\$a10113/11988$2hdl
=035  \\$aagid:11988-01nal_inst
=040  \\$aAGL$beng$cAGL
=072  \0$aF120
=072  \0$aE200
=072  \0$aB200
=072  \0$aF300
=072  \0$aX100
=100  1\$aHima, B.L.
=245  13$aAn economic analysis of climate change on cotton production across the U.S. cotton belt: preliminary results
=300  \\$ap. 608-612.
=500  \\$aConference held January 5-9, 2004, San Antonio, TX.
=500  \\$aIncludes references
=520  \\$aIncreases in average ambient temperature and CO2 levels, as predicted by researchers studying climate change, may potentially affect agricultural production levels and the suitability of regions for specific crop production. The crop simulation model, GOSSYM, was used to examine the impact of changes in these two variables on yield and irrigation requirements of cotton produced at nine locations across the U.S. cotton belt: Shafter, CA; Maricopa, AZ; Artesia, NM; Lubbock TX, Corpus Christi, TX; Portageville, MO; Stoneville, MS, Meridianville, AL, and Florence SC. Average net returns were calculated for each location, under two potential climate regimes, one based on historic weather patterns and one based on patterns predicted by a regional climate model (Mearns, 2000). Under each regime, the interaction of five changes in average temperature and five changes in carbon dioxide level were evaluated. The ranges chosen for changes in temperature and CO2 levels reflect conditions from the pre-industrial era to the limit of accepted scientific predictions for climate change. While results were specific for each location, some general trends are that, ceteris paribus, as CO2 level increased, production improved and net returns increased. However, yield and net returns results under the regional climate model's predictions of future climate generally had lower magnitude yield and net returns than those under present climate at all levels of atmospheric CO2 and temperature deviation. Thus future climate conditions had a negative effect on yield and net returns at most locations. No clear trend emerged on the effects of temperature increases on yield and net returns.
=593  \\$aPubAg article
=594  \\$aEmbargoed article
=650  \3$acotton
=650  \3$acrop production
=650  \3$ayields
=650  \3$aclimate change
=650  \3$aambient temperature
=650  \3$acarbon dioxide
=650  \3$airrigation requirement
=650  \3$asimulation models
=650  \3$ageographical variation
=650  \3$acosts and returns
=650  \3$aequations
=651  \3$aCalifornia
=651  \3$aArizona
=651  \3$aNew Mexico
=651  \3$aTexas
=651  \3$aMissouri
=651  \3$aMississippi
=653  \0$aGOSSYM model
=700  1\$aLu, Y.C.
=700  1\$aRichardson, A.
=700  1\$aReddy, K.R.
=773  0\$tProceedings of the Beltwide Cotton Conferences.$g2004,  p.608-612$7nnas
=787  1\$oproduct_pubag
=787  1\$oislandora_article_repository
=852  \\$aDNAL
=856  40$uhttps://handle.nal.usda.gov/10113/11988$3Available in the National Agricultural Library PubAg search system
=912  \\$aArticle
=914  \\$fProceedings of the Beltwide Cotton Conferences
=917  \\$aissued
=930  \\$a20080324$b20080404$c00000000
=935  \\$aIND44028931$9ExL
=945  \\$aIND$dLYN$e2008/03/24
=946  \\$aOther US
=949  \\$a2014-07-17
=952  \\$a20080324 20080404 00000000$bIND LYN 2008/03/24
=961  \\$aUSDA/ARS
=974  \\$aagid:11988
=984  \\$a2008-04-04
=985  \\$aConverted from MARCXML to MODS version 3.4 using MARC21slim2MODS3-4.xsl (Revision 1.95 2014/04/23)
=986  \\$a4028931

