=LDR  03143nab a2200601 u 4500
=001  9915834271507426
=005  20221119054814.0
=008  151124e201206\\xx\|||||o|||||||||||eng||
=016  7\$aIND601283991$2DNAL
=035  \\$aagid:1283991-01nal_inst
=040  \\$aAGL$beng$cAGL
=100  1\$aWei, Wu$eauthor$uNicholas School of the Environment, Duke University, Durham, NC 27708, USA
=245  10$aApplication of a Full Hierarchical Bayesian Model in Assessing Streamflow Response to a Climate Change Scenario at the Coweeta Basin, NC, USA
=300  \\$ap. 118-128.
=520  \\$aWe have applied a full hierarchical Baysian (HB) model to simulate streamflow at the Coweeta Basin that drains western North Carolina, USA under a doubled CO₂ climate scenario. The full HB model coherently assimilated multiple data sources and accounted for uncertainties from data, parameters and model structures. Full predictive distributions for streamflow from the Bayesian analysis indicate not only increasing drought, with substantial decrease in fall and summer flows, and soil moisture content, but also increase in the frequency of flood events when they were fit with Generalized Extreme Value (GEV) distribution and Generalized Pareto Distribution (GPD) under this doubled CO₂ climate scenario compared to the current climate scenario. Full predictive distributions based on the hierarchical Bayesian model, compared to deterministic point estimates, is capable of providing richer information to facilitate development of adaptation strategy to changing climate for a sustainable water resource management.
=592  \\$aPublisher supplied data
=650  \3$aBayesian theory
=650  \3$abasins
=650  \3$acarbon dioxide
=650  \3$aclimate
=650  \3$aclimate change
=650  \3$adrought
=650  \3$asimulation models
=650  \3$asoil water content
=650  \3$astream flow
=650  \3$asummer
=650  \3$awater management
=651  \3$aNorth Carolina
=653  \0$ahierarchical Bayes
=653  \0$ahydrological modeling
=653  \0$aclimate change
=653  \0$auncertainty
=653  \0$ahydrological extremes
=700  1\$aClark, James S.$eauthor$uNicholas School of the Environment, Duke University, Durham, NC 27708, USA
=700  1\$aVose, James M.$eauthor$uUSDA-Forest Service, Coweeta Hydrologic Laboratory, Otto, NC 28763, USA
=773  0\$tJournal of resources and ecology.$g2012 June, v. 3, no. 2 p.118-128$dInstitute of Geographic Sciences and Natural Resources Research, Chinese Academy of Sciences$x1674-764X$7nnas
=787  1\$oislandora_article_repository
=787  1\$o(Journal)2202
=912  \\$aArticle
=914  \\$aJournal:2202$b1674-764X$c3$d2$e118
=914  \\$fJournal of resources and ecology
=916  \\$aBatch:1152
=917  \\$aissued
=918  2\$aBioOne$eprovider$5DNAL
=935  \\$aIND601283991$9ExL
=949  \\$a2016-01-04
=953  \\$aJOREv3i2-07190812-230431.zip
=961  \\$aUSDA/FS
=962  \\$aNo DOI
=962  \\$aBatch:1152 reviewed on 2016-01-04T14:00:02Z
=974  \\$aagid:1283991
=983  \\$a2015-11-24
=984  \\$a2016-01-04

