=LDR  04230nab a2200817 u 4500
=001  9915834303307426
=005  20221214225847.0
=008  130624e201309\\xx\|||||o|||||||||||eng||
=016  7\$aIND500680185$2DNAL
=024  7\$a287037$2aris
=024  7\$a10113/56903$2hdl
=024  7\$a10.1038/NCLIMATE1916$2doi
=024  8\$ans2237
=035  \\$aagid:56903-01nal_inst
=040  \\$aAGL$beng$cAGL
=100  1\$aAsseng, S.$eauthor
=245  10$aUncertainty in simulating wheat yields under climate change
=300  \\$ap. 827-832.
=500  \\$a2019-12-06
=506  \\$aWorks produced by employees of the U.S. Government as part of their official duties are not copyrighted within the U.S. The content of this document is not copyrighted.
=520  \\$aProjections of climate change impacts on crop yields are inherently uncertain1. Uncertainty is often quantified when projecting future greenhouse gas emissions and their influence on climate2. However, multi-model uncertainty analysis of crop responses to climate change is rare because systematic and objective comparisons among process-based crop simulation models1, 3 are difficult4. Here we present the largest standardized model intercomparison for climate change impacts so far. We found that individual crop models are able to simulate measured wheat grain yields accurately under a range of environments, particularly if the input information is sufficient. However, simulated climate change impacts vary across models owing to differences in model structures and parameter values. A greater proportion of the uncertainty in climate change impact projections was due to variations among crop models than to variations among downscaled general circulation models. Uncertainties in simulated impacts increased with CO2 concentrations and associated warming. These impact uncertainties can be reduced by improving temperature and CO2 relationships in models and better quantified through use of multi-model ensembles. Less uncertainty in describing how climate change may affect agricultural productivity will aid adaptation strategy development and policymaking.
=593  \\$aPubAg article
=593  \\$cUSDA submission
=593  \\$eARIS manuscript
=650  \3$acarbon dioxide
=650  \3$acrop models
=650  \3$asimulation models
=650  \3$aquantitative analysis
=650  \3$aGeneral Circulation Models
=650  \3$agreenhouse gas emissions
=650  \3$auncertainty
=650  \3$avariance
=650  \3$awheat
=650  \3$auncertainty analysis
=650  \3$aglobal warming
=650  \3$aTriticum aestivum
=650  \3$agrain yield
=650  \3$atemperature
=650  \3$acrops
=653  \0$amathematical models
=700  1\$aEwert, F.$eauthor
=700  1\$aRosenzweig, C.$eauthor
=700  1\$aJones, J. W.$eauthor
=700  1\$aHatfield, J. L.$eauthor
=700  1\$aRuane, A. C.$eauthor
=700  1\$aBoote, K. J.$eauthor
=700  1\$aThorburn, P. J.$eauthor
=700  1\$aRötter, R. P.$eauthor
=700  1\$aCammarano, D.$eauthor
=773  0\$tNature Climate Change.$g2013 Sept., v. 3 p.827-832$wJournal:27227$x1758-6798$7nnas
=787  1\$oislandora_article_repository
=787  1\$oproduct_pubag
=787  1\$oislandora_pubag_with_text
=787  1\$o(Journal)27227
=856  40$uhttps://handle.nal.usda.gov/10113/56903$3Available in the National Agricultural Library PubAg search system
=856  40$uhttp://dx.doi.org/10.1038/NCLIMATE1916
=912  \\$aArticle
=914  \\$aJournal:27227$b1758-6798$c3$e827
=914  \\$fNature Climate Change
=917  \\$aissued
=935  \\$aIND500680185$9ExL
=949  \\$a2013-08-12
=956  \\$aARIS submission$bhttp://submit-u.nal.usda.gov/system/files/submissions/Asseng%20et%20al%202013%20Nature%20Climate%20Change_5.pdf
=961  \\$aUSDA
=962  \\$aUSDA Scientist Submission
=962  \\$aBatch:301 annotated on 2013-07-22T11:14:46Z
=962  \\$aBatch:301 reviewed on 2013-08-12T14:00:02Z
=962  \\$aBatch:301 reviewed on 2013-08-12T15:00:02Z
=974  \\$aagid:56903
=985  \\$aUSDA submission converted from Drupal to MODS version 3.4 using submission2mods.xsl (Revision 1.XXX 2012/012/28)
=986  \\$ans2237

