=LDR  07379nab a2201093 u 4500
=001  9915834978907426
=005  20221214224720.0
=008  200509e20160301xx\|||||o|||||||||||eng||
=016  7\$aIND600062333$2DNAL
=024  7\$a10113/62333$2hdl
=024  7\$a322385$2aris
=024  7\$a10.1002/ehs2.1209$2doi
=024  8\$ans9795
=035  \\$aagid:62333-01nal_inst
=040  \\$aAGL$beng$cAGL
=100  1\$aHerrick, Jeffrey E.$eauthor$uU.S. Department of Agriculture ‐ Agricultural Research Service, New Mexico State University, Jornada Experimental Range MSC 3JER Box 30003 Las Cruces, New Mexico,  88003‐8003USA
=245  14$aThe land‐potential knowledge system (landpks): mobile apps and collaboration for optimizing climate change investments
=506  \\$aWorks produced by employees of the U.S. Government as part of their official duties are not copyrighted within the U.S. The content of this document is not copyrighted.
=520  \\$aMassive investments in climate change mitigation and adaptation are projected during coming decades. Many of these investments will seek to modify how land is managed. The return on both types of investments can be increased through an understanding of land potential: the potential of the land to support primary production and ecosystem services, and its resilience. A Land‐Potential Knowledge System (LandPKS) is being developed and implemented to provide individual users with point‐based estimates of land potential based on the integration of simple, geo‐tagged user inputs with cloud‐based information and knowledge. This system will rely on mobile phones for knowledge and information exchange, and use cloud computing to integrate, interpret, and access relevant knowledge and information, including local knowledge about land with similar potential. The system will initially provide management options based on long‐term land potential, which depends on climate, topography, and relatively static soil properties, such as soil texture, depth, and mineralogy. Future modules will provide more specific management information based on the status of relatively dynamic soil properties such as organic matter and nutrient content, and of weather. The paper includes a discussion of how this system can be used to help distinguish between meteorological and edaphic drought.
=592  \\$aPublisher supplied data
=593  \\$aPubAg article
=593  \\$cUSDA submission
=594  \\$aEmbargoed article
=595  \\$a808$bjgilbert$c2016-05-24$dfedoraAdmin$e2016-05-24
=596  \\$cDutch Ministry of Foreign Affairs
=596  \\$cAfrica Soil Information Service (AfSIS)
=596  \\$cBill and Melinda Gates foundation
=596  \\$cAlliance for a Green Revolution in Africa (AGRA)
=593  \\$eARIS manuscript
=650  \3$aclimate
=650  \3$aclimate change
=650  \3$adrought
=650  \3$aecosystem services
=650  \3$aenvironmental health
=650  \3$ainformation exchange
=650  \3$aknowledge
=650  \3$amanagement information systems
=650  \3$amineralogy
=650  \3$anutrient content
=650  \3$aorganic matter
=650  \3$aprimary productivity
=650  \3$asoil properties
=650  \3$atopography
=653  \0$aagriculture
=653  \0$aanalytics
=653  \0$acrowdsourcing
=653  \0$aexpert systems
=653  \0$aextension
=653  \0$aknowledge management
=653  \0$aland evaluation
=653  \0$aland‐use planning
=653  \0$amobile apps
=653  \0$asustainability
=653  \0$asustainable land management
=700  1\$aBeh, Adam$eauthor$uU.S. Department of Agriculture ‐ Agricultural Research Service, New Mexico State University, Jornada Experimental Range MSC 3JER Box 30003 Las Cruces, New Mexico,  88003‐8003USA
=700  1\$aBarrios, Edmundo$eauthor$uWorld Agroforestry Centre, United Nations Avenue, Gigiri P.O. Box 30677 Nairobi,  00100Kenya
=700  1\$aBouvier, Ioana$eauthor$uU.S. Agency for International Development, 301 4th Street SW SA‐44 (Rm 848) Washington, D.C, 20024 USA
=700  1\$aCoetzee, Marina$eauthor$uNamibia University of Science and Technology, 13 Storch Street, Private Bag 13388 Windhoek, Namibia
=700  1\$aDent, David$eauthor$uMerchants of Light Ltd, Forncett End Norfolk, England
=700  1\$aElias, Emile$eauthor$uU.S. Department of Agriculture ‐ Agricultural Research Service, New Mexico State University, Jornada Experimental Range MSC 3JER Box 30003 Las Cruces, New Mexico,  88003‐8003USA
=700  1\$aHengl, Tomislav$eauthor$uISRIC - World Soil information, Droevendaalsesteeg 3  6708PB Wageningen, The Netherlands
=700  1\$aKarl, Jason W.$eauthor$uU.S. Department of Agriculture ‐ Agricultural Research Service, New Mexico State University, Jornada Experimental Range MSC 3JER Box 30003 Las Cruces, New Mexico,  88003‐8003USA
=700  1\$aLiniger, Hanspeter$eauthor$uCenter for the development and Environment, University of Bern, Hallerstrasse 10  3012Bern, Switzerland
=700  1\$aMatuszak, John$eauthor$uU.S. Department of State/OES, 2201 C St. NWWashington, D.C,  20520USA
=700  1\$aNeff, Jason C.$eauthor$uEnvironmental Studies Program, University of Colorado at Boulder, Campus Box 397Boulder, Colorado,  80309USA
=700  1\$aNdungu, Lilian Wangui$eauthor$uRCMRD, SERVIR‐Eastern & Southern Africa, P.O. Box 632, 00618 Ruaraka Nairobi, Kenya
=700  1\$aObersteiner, Michael$eauthor$uInternational Institute for Applied Systems Analysis, Schlossplatz 1 A‐2361 Laxenburg, Austria
=700  1\$aShepherd, Keith D.$eauthor$uWorld Agroforestry Centre, United Nations Avenue, Gigiri P.O. Box 30677 Nairobi,  00100Kenya
=700  1\$aUrama, Kevin C.$eauthor$uAfrican Development Bank, Avenue Jean‐Paul II  01 BP 1387Abidjan 01, Côte d'Ivoire
=700  1\$aBosch, Rik$eauthor$uISRIC - World Soil information, Droevendaalsesteeg 3  6708PB Wageningen, The Netherlands
=700  1\$aWebb, Nicholas P.$eauthor$uU.S. Department of Agriculture ‐ Agricultural Research Service, New Mexico State University, Jornada Experimental Range MSC 3JER Box 30003 Las Cruces, New Mexico,  88003‐8003USA
=773  0\$tEcosystem health and sustainability.$g2016 Mar. 1, v. 2, no. 3 p.e01209-$dTaylor & Francis$wJournal:23063$x2332-8878$7nnas
=787  1\$oislandora_article_repository
=787  1\$oproduct_pubag
=787  1\$o(Journal)23063
=856  40$uhttps://handle.nal.usda.gov/10113/62333$3Available in the National Agricultural Library PubAg search system
=856  40$uhttp://dx.doi.org/10.1002/ehs2.1209$3Available from publisher's site
=912  \\$aArticle
=914  \\$aJournal:23063$b2332-8878$c2$d3$ee01209
=914  \\$fEcosystem health and sustainability
=916  \\$aBatch:1335
=917  \\$aissued
=918  2\$aTaylor & Francis Group$eprovider$5DNAL
=935  \\$aIND600062333$9ExL
=949  \\$a2021-06-22
=953  \\$a/data/metadata/incoming/taylorfrancis/tehs20_tehs20.v002.i03_20200416221124#20046789.zip
=954  \\$afile:/data/metadata/staging/taylorfrancis/ehs2.1209.xml
=955  \\$a/data/metadata/staging/taylorfrancis/
=956  \\$aARIS submission$bhttps://submit.nal.usda.gov/system/files/submissions/16-007.pdf
=961  \\$aUSDA
=974  \\$aagid:62333
=983  \\$a2020-05-09
=984  \\$a2020-09-29
=986  \\$ans9795

