=LDR  04854nab a2200625 u 4500
=001  9915835089607426
=005  20221119004637.0
=008  180619e201803\\xx\|||||o|||||||||||eng||
=016  7\$aIND605892185$2DNAL
=024  7\$a10.1111/nph.14917$2doi
=035  \\$aagid:5892185-01nal_inst
=040  \\$aAGL$beng$cAGL
=100  1\$aBai, Wei‐Ning$eauthor$uState Key Laboratory of Earth Surface Processes and Resource Ecology and Ministry of Education Key Laboratory for Biodiversity Science and Ecological Engineering, College of Life Sciences, Beijing Normal University, Beijing, 100875, China
=245  10$aDemographically idiosyncratic responses to climate change and rapid Pleistocene diversification of the walnut genus Juglans (Juglandaceae) revealed by whole‐genome sequences
=300  \\$ap. 1726-1736.
=500  \\$aJOURNAL ARTICLE
=520  \\$aWhether species demography and diversification are driven primarily by extrinsic environmental changes such as climatic oscillations in the Quaternary or by intrinsic biological interactions like coevolution between antagonists is a matter of active debate. In fact, their relative importance can be assessed by tracking past population fluctuations over considerable time periods. We applied the pairwise sequentially Markovian coalescent approach on the genomes of 11 temperate Juglans species to estimate trajectories of changes in effective population size (Nₑ) and used a Bayesian‐coalescent based approach that simultaneously considers multiple genomes (G‐PhoCS) to estimate divergence times between lineages. Nₑ curves of all study species converged 1.0 million yr ago, probably reflecting the time when the walnut genus last shared a common ancestor. This estimate was confirmed by the G‐PhoCS estimates of divergence times. But all species did not react similarly to the dramatic climatic oscillations following early Pleistocene cooling, so the timing and amplitude of changes in Nₑ differed among species and even among conspecific lineages. The population histories of temperate walnut species were not driven by extrinsic environmental changes alone, and a key role was probably played by species‐specific factors such as coevolutionary interactions with specialized pathogens.
=592  \\$aPublisher supplied data
=593  \\$aPubAg article
=650  \3$aJuglans
=650  \3$aantagonists
=650  \3$aclimate change
=650  \3$acoevolution
=650  \3$acooling
=650  \3$ademography
=650  \3$aeffective population size
=650  \3$agenome
=650  \3$apathogens
=650  \3$apopulation dynamics
=650  \3$awalnuts
=700  1\$aYan, Peng‐Cheng$eauthor$uState Key Laboratory of Earth Surface Processes and Resource Ecology and Ministry of Education Key Laboratory for Biodiversity Science and Ecological Engineering, College of Life Sciences, Beijing Normal University, Beijing, 100875, China
=700  1\$aZhang, Bo‐Wen$eauthor$uState Key Laboratory of Earth Surface Processes and Resource Ecology and Ministry of Education Key Laboratory for Biodiversity Science and Ecological Engineering, College of Life Sciences, Beijing Normal University, Beijing, 100875, China
=700  1\$aWoeste, Keith E.$eauthor$uUSDA Forest Service Hardwood Tree Improvement and Regeneration Center (HTIRC), Department of Forestry and Natural Resources, Purdue University, West Lafayette, IN, 47907, USA
=700  1\$aLin, Kui$eauthor$uState Key Laboratory of Earth Surface Processes and Resource Ecology and Ministry of Education Key Laboratory for Biodiversity Science and Ecological Engineering, College of Life Sciences, Beijing Normal University, Beijing, 100875, China
=700  1\$aZhang, Da‐Yong$eauthor$uState Key Laboratory of Earth Surface Processes and Resource Ecology and Ministry of Education Key Laboratory for Biodiversity Science and Ecological Engineering, College of Life Sciences, Beijing Normal University, Beijing, 100875, China
=773  0\$tnew phytologist.$g2018 Mar., v. 217, no. 4 p.1726-1736$dJohn Wiley & Sons, Ltd$wJournal:jnl44665$x0028-646X$7nnas
=787  1\$oislandora_article_repository
=787  1\$oproduct_pubag
=787  1\$o(Journal)jnl44665
=856  40$uhttps://dx.doi.org/10.1111/nph.14917$3Available from publisher's site
=912  \\$aArticle
=914  \\$aJournal:jnl44665$b0028-646X$c217$d4$e1726
=914  \\$fnew phytologist
=916  \\$aBatch:1974
=917  \\$aissued
=918  2\$aJohn Wiley & Sons, Inc$eprovider$5DNAL
=935  \\$aIND605892185$9ExL
=949  \\$a2018-06-19
=953  \\$a/data/metadata/incoming/wiley/0028646X_2018_217_4.xml
=954  \\$afile:/data/metadata/staging/wiley/0028646X_2018_217_4.xml
=955  \\$a/data/metadata/staging/wiley/
=961  \\$aUSDA/FS
=974  \\$aagid:5892185
=983  \\$a2018-06-19
=984  \\$a2018-06-19

