=LDR  04661nab a2200685 u 4500
=001  9915835153407426
=005  20221119004747.0
=008  201024e202011\\xx\|||||o|||||||||||eng||
=016  7\$aIND607144248$2DNAL
=024  7\$a10.1111/gcb.15318$2doi
=035  \\$aagid:7144248-01nal_inst
=040  \\$aAGL$beng$cAGL
=100  1\$aGoodwin, Marissa J.$eauthor$uDepartment of Biology, University of New Mexico, Albuquerque, NM, USA$1https://orcid.org/0000-0001-8670-660X
=245  10$aChanging climate reallocates the carbon debt of frequent‐fire forests
=300  \\$ap. 6180-6189.
=500  \\$aNAL-AP-2-clean
=500  \\$aJOURNAL ARTICLE
=520  \\$aOngoing climate change will alter the carbon carrying capacity of forests as they adjust to climatic extremes and changing disturbance regimes. In frequent‐fire forests, increasing drought frequency and severity are already causing widespread tree mortality events, which can exacerbate the carbon debt that has developed as a result of fire exclusion. Forest management techniques that reduce tree density and surface fuels decrease the risk of high‐severity wildfire and may also limit drought‐induced mortality by reducing competition. We used a long‐term thinning and burning experiment in a mixed‐conifer forest to investigate the effects of the 2012-2015 California drought on forest carbon dynamics in each treatment, including the carbon emissions from a second‐entry prescribed fire that followed the drought. We assessed differences in carbon stability and tree survival across treatments, expecting that both carbon stability and survival probability would increase with increasing treatment intensity (decreasing basal area). Additionally, we analyzed the effects of drought‐ mortality on second‐entry burn emissions and compared emissions for the first‐ and second‐entry burns. We found a non‐linear relationship between treatment intensity and carbon stability, which was in part driven by varying relationships between individual tree growing space and survival across treatments. Drought mortality increased dead tree and surface fuel carbon in all treatments, which contributed to higher second‐entry burn emissions for two of the three burn treatments when compared to the first burn. Our findings suggest that restoration treatments will not serve as a panacea for ongoing climate change and that the carbon debt of these forests will become increasingly unstable as the carbon carrying capacity adjusts to severe drought events. Managing the carbon debt with prescribed fire will help reduce the risk of additional mortality from wildfire, but at an increasing carbon cost for forest management.
=592  \\$aPublisher supplied data
=593  \\$aPubAg article
=596  \\$a8GG14803$cCalifornia Department of Forestry and Fire Protection
=650  \3$acarbon
=650  \3$acarbon cycle
=650  \3$aclimate
=650  \3$aclimate change
=650  \3$adead wood
=650  \3$adrought
=650  \3$aforest management
=650  \3$aforests
=650  \3$amortality
=650  \3$aprescribed burning
=650  \3$arisk
=650  \3$arisk reduction
=650  \3$atree mortality
=650  \3$atrees
=650  \3$awildfires
=651  \3$aCalifornia
=700  1\$aNorth, Malcolm P.$eauthor$uPacific Southwest Research Station, USDA Forest Service, Mammoth Lakes, CA, USA$1https://orcid.org/0000-0002-9090-784X
=700  1\$aZald, Harold S. J.$eauthor$uDepartment of Forestry and Wildland Resources, Humboldt State University, Arcata, CA, USA$1https://orcid.org/0000-0002-6505-8233
=700  1\$aHurteau, Matthew D.$eauthor$uDepartment of Biology, University of New Mexico, Albuquerque, NM, USA$1https://orcid.org/0000-0001-8457-8974
=773  0\$tGlobal change biology.$g2020 Nov., v. 26, no. 11 p.6180-6189$dJohn Wiley & Sons, Ltd$wJournal:jnl57021$x1354-1013$7nnas
=787  1\$oislandora_article_repository
=787  1\$oproduct_pubag
=787  1\$o(Journal)jnl57021
=856  40$uhttp://dx.doi.org/10.1111/gcb.15318$3Available from publisher's site
=912  \\$aArticle
=914  \\$aJournal:jnl57021$b1354-1013$c26$d11$e6180
=914  \\$fGlobal change biology
=916  \\$aBatch:10149
=917  \\$aissued
=918  2\$aJohn Wiley & Sons, Inc$eprovider$5DNAL
=935  \\$aIND607144248$9ExL
=949  \\$a2021-06-18
=953  \\$a/data/metadata/incoming/wiley/13541013_2020_26_11.xml
=954  \\$afile:/data/metadata/staging/wiley/13541013_2020_26_11.xml
=955  \\$a/data/metadata/staging/wiley/
=961  \\$aUSDA/FS
=974  \\$aagid:7144248
=983  \\$a2020-10-24
=984  \\$a2021-06-18

