=LDR  05306nab a2200769 u 4500
=001  9915836915807426
=005  20221214230240.0
=008  170706e201610\\xx\|||||o|||||||||||eng||
=016  7\$aIND605729141$2DNAL
=024  7\$a10113/5729141$2hdl
=024  7\$a321264$2aris
=024  7\$a10.1002/ecs2.1504$2doi
=024  7\$a10.1002/ecs2.1504$2chorus
=024  8\$ans12762
=035  \\$aagid:5729141-01nal_inst
=040  \\$aAGL$beng$cAGL
=100  1\$aFay, Philip A.$eauthor$uUSDA-ARS, Grassland, Soil, and Water Research Laboratory, 808 E Blackland Road, Temple, Texas 76502 USA
=245  10$aClimate change impacts on freshwater wetland hydrology and vegetation cover cycling along a regional aridity gradient
=300  \\$ap. 1-12.
=500  \\$a2019-12-06
=506  \\$aWorks produced by employees of the U.S. Government as part of their official duties are not copyrighted within the U.S. The content of this document is not copyrighted.
=520  \\$aGlobal mean temperature may increase up to 6°C by the end of this century and together with precipitation change may steepen regional aridity gradients. The hydrology, productivity, and ecosystem services from freshwater wetlands depend on their future water balance. We simulated the hydrology and vegetation dynamics of wetland complexes in the North American Prairie Pothole Region with the WETLANDSCAPE model. Simulations for 63 precipitation × temperature combinations spanning 6°C warming and −20% to +20% annual precipitation change at 19 locations along a mid-continental aridity gradient showed that aridity explained up to 99% of the variation in wetland stage and hydroperiod for all wetland permanence types, and in vegetation cycling for semipermanent wetlands. The magnitude and direction of hydrologic responses depended on whether climate changes increased or decreased water deficits. Warming to 6°C and 20% less precipitation increased wetland water deficits and more strongly decreased wetland stage and hydroperiod from historic levels at low aridity, especially in semipermanent wetlands, where peak vegetation cycling (Cover Cycle Index, CCI) also shifted to lower aridity. In contrast, 20% more precipitation decreased water deficits, increasing wetland stage and hydroperiod most strongly in shallow wetlands at high aridity, but filling semipermanent wetlands and reducing CCI at low aridity. All climate changes narrowed the range of aridity favorable to high productivity. Climate changes that reduce water deficits may help maintain wetlands at high aridity at the expense of those at low aridity, but with warming certain, increased deficits are more likely and will help maintain wetlands at lower aridity but exacerbate loss of wetlands at high aridity. Thus, there is likely not a universally applicable approach to mitigating climate change impacts on freshwater wetlands across regional aridity gradients. Conservation strategies need to account for aridity-specific effects of climate change on freshwater wetland ecosystems.
=593  \\$aPubAg article
=593  \\$cUSDA submission
=595  \\$bllucas$c2017-08-04$dmanager-lgarner$e2017-08-07
=596  \\$cNSF$dhttps://doi.org/10.13039/100000001
=596  \\$cUSDA$dhttps://doi.org/10.13039/100000199
=596  \\$cUSGS$dhttps://doi.org/10.13039/100000203
=593  \\$eARIS manuscript
=650  \3$awetlands
=650  \3$afreshwater
=650  \3$aecosystem services
=650  \3$adry environmental conditions
=650  \3$aair temperature
=650  \3$amodels
=650  \3$avegetation cover
=650  \3$aclimate change
=650  \3$aecosystems
=650  \3$aatmospheric precipitation
=651  \3$aPrairie Pothole region
=653  \0$awater balance
=700  1\$aGuntenspergen, Glenn R.$eauthor$uUSGS, Patuxent Wildlife Research Center, Laurel, Maryland, USA
=700  1\$aOlker, Jennifer H.$eauthor$uNatural Resources Research Institute, University of Minnesota Duluth, 5013 Miller Trunk Highway, Duluth, Minnesota 55811 USA
=700  1\$aJohnson, W. Carter$eauthor$uDepartment of Natural Resource Management, South Dakota State University, Brookings, South Dakota 57007 USA
=773  0\$tEcosphere.$g2016 Oct., v. 7, no. 10 p.1-12$dJohn Wiley & Sons, Ltd$wJournal:12363$x2150-8925$7nnas
=787  1\$oislandora_article_repository
=787  1\$oproduct_pubag
=787  1\$o(Journal)12363
=856  40$uhttps://handle.nal.usda.gov/10113/5729141$3Available in the National Agricultural Library PubAg search system
=856  40$uhttp://dx.doi.org/10.1002/ecs2.1504$3Available from publisher's site
=912  \\$aArticle
=914  \\$aJournal:12363$b2150-8925$c7$d10$e1
=914  \\$fEcosphere
=916  \\$aBatch:1832
=917  \\$aissued
=935  \\$aIND605729141$9ExL
=949  \\$a2019-06-20
=956  \\$aARIS submission$bhttps://submit.nal.usda.gov/system/files/submissions/ecs21504.pdf
=961  \\$aUSDA/ARSUSDA
=962  \\$aUSDA Scientist Submission
=962  \\$aBatch:1832 reviewed on 2017-10-16T13:00:03Z
=974  \\$aagid:5729141
=979  \\$aArticle missing pages
=983  \\$a2017-07-06
=984  \\$a2019-09-26
=985  \\$aUSDA submission converted from Drupal to MODS version 3.4 using submission2mods.xsl (Revision 1.002 2014/01/28)
=986  \\$ans12762

