=LDR  04672nab a2200697 u 4500
=001  9915837222907426
=005  20221119022200.0
=008  180312e201803\\xx\|||||o|||||||||||eng||
=016  7\$aIND605899784$2DNAL
=024  7\$a10.1111/gcb.13926$2doi
=035  \\$aagid:5899784-01nal_inst
=040  \\$aAGL$beng$cAGL
=100  1\$aBailey, Vanessa L.$eauthor$uPacific Northwest National Laboratory, Richland, WA, USA
=245  10$aSoil carbon cycling proxies: Understanding their critical role in predicting climate change feedbacks
=300  \\$ap. 895-905.
=500  \\$aJOURNAL ARTICLE
=520  \\$aThe complexity of processes and interactions that drive soil C dynamics necessitate the use of proxy variables to represent soil characteristics that cannot be directly measured (correlative proxies), or that aggregate information about multiple soil characteristics into one variable (integrative proxies). These proxies have proven useful for understanding the soil C cycle, which is highly variable in both space and time, and are now being used to make predictions of the fate and persistence of C under future climate scenarios. However, the C pools and processes that proxies represent must be thoughtfully considered in order to minimize uncertainties in empirical understanding. This is necessary to capture the full value of a proxy in model parameters and in model outcomes. Here, we provide specific examples of proxy variables that could improve decision‐making, and modeling skill, while also encouraging continued work on their mechanistic underpinnings. We explore the use of three common soil proxies used to study soil C cycling: metabolic quotient, clay content, and physical fractionation. We also consider how emerging data types, such as genome‐sequence data, can serve as proxies for microbial community activities. By examining some broad assumptions in soil C cycling with the proxies already in use, we can develop new hypotheses and specify criteria for new and needed proxies.
=592  \\$aPublisher supplied data
=593  \\$aPubAg article
=650  \3$acarbon sinks
=650  \3$aclay fraction
=650  \3$aclimate
=650  \3$aclimate change
=650  \3$adecision making
=650  \3$afractionation
=650  \3$amicrobial communities
=650  \3$amodels
=650  \3$aprediction
=650  \3$aspace and time
=650  \3$auncertainty
=700  1\$aBond‐Lamberty, Ben$eauthor$uPacific Northwest National Laboratory, Joint Global Change Research Institute, University of Maryland, College Park, MD, USA
=700  1\$aDeAngelis, Kristen$eauthor$uDepartment of Microbiology, University of Massachusetts Amherst, Amherst, MA, USA
=700  1\$aGrandy, A. Stuart$eauthor$uDepartment of Natural Resources and Environment, University of New Hampshire, Durham, NH, USA
=700  1\$aHawkes, Christine V.$eauthor$uDepartment of Integrative Biology, University of Texas at Austin, Austin, TX, USA
=700  1\$aHeckman, Kate$eauthor$uNorthern Research Station, USDA Forest Service, Houghton, MI, USA
=700  1\$aLajtha, Kate$eauthor$uDepartment of Crop and Soil Sciences, Oregon State University, Corvallis, OR, USA
=700  1\$aPhillips, Richard P.$eauthor$uDepartment of Biology, Indiana University Bloomington, Bloomington, IN, USA
=700  1\$aSulman, Benjamin N.$eauthor$uProgram in Atmospheric and Oceanic Sciences, Department of Geosciences, Princeton University, Princeton, NJ, USA
=700  1\$aTodd‐Brown, Katherine E. O.$eauthor$uPacific Northwest National Laboratory, Richland, WA, USA
=700  1\$aWallenstein, Matthew D.$eauthor$uDepartment of Ecosystem Science and Sustainability, Colorado State University, Fort Collins, CO, USA
=773  0\$tGlobal change biology.$g2018 Mar., v. 24, no. 3 p.895-905$dJohn Wiley & Sons, Ltd$wJournal:jnl57021$x1354-1013$7nnas
=787  1\$oislandora_article_repository
=787  1\$oproduct_pubag
=787  1\$o(Journal)jnl57021
=856  40$uhttp://dx.doi.org/10.1111/gcb.13926$3Available from publisher's site
=912  \\$aArticle
=914  \\$aJournal:jnl57021$b1354-1013$c24$d3$e895
=914  \\$fGlobal change biology
=916  \\$aBatch:1962
=917  \\$aissued
=918  2\$aJohn Wiley & Sons, Inc$eprovider$5DNAL
=935  \\$aIND605899784$9ExL
=949  \\$a2018-05-08
=953  \\$a/data/metadata/incoming/wiley/13541013_2018_24_3.xml
=954  \\$afile:/data/metadata/staging/wiley/13541013_2018_24_3.xml
=955  \\$a/data/metadata/staging/wiley/
=961  \\$aUSDA/FS
=962  \\$aBatch:1962 reviewed on 2018-05-08T10:00:02Z
=974  \\$aagid:5899784
=983  \\$a2018-03-12
=984  \\$a2018-05-08

