=LDR  04889nab a2200673 u 4500
=001  9915837743807426
=005  20221119024420.0
=008  200128e202001\\xx\|||||o|||||||||||eng||
=016  7\$aIND606825040$2DNAL
=024  7\$a10.1007/s10021-019-00387-5$2doi
=035  \\$aagid:6825040-01nal_inst
=040  \\$aAGL$beng$cAGL
=100  1\$aSaia, Sheila M.$eauthor$uOak Ridge Institute for Science and Education, Oak Ridge, Tennessee, USA. ssaia@ncsu.edu$1https://orcid.org/0000-0002-4943-0306
=245  10$aApplying Climate Change Risk Management Tools to Integrate Streamflow Projections and Social Vulnerability
=300  \\$ap. 67-83.
=520  \\$aShifts in streamflow, due to future climate and land use change, may pose risks to nearby human communities. Projecting the spatial distribution and impacts of these risks requires consideration of biophysical and socioeconomic factors. Models like the Soil and Water Assessment Tool (SWAT) can project spatial distributions of hydrologic risk due to shifting biophysical factors like climate and land use, but cannot account for socioeconomic factors influencing a community's capacity to adapt to future streamflow changes. To address this limitation, we used a risk matrix to classify subbasins in a large river basin in the southeastern USA based on (1) percent increase in SWAT simulated 10-year and extreme high flows due to climate and land use change between baseline (1982-2002) and projected (2050-2070) periods and (2) degree of community vulnerability according to a Social Vulnerability Index (SVI). We compared spatial distributions of high-risk subbasins based on SWAT results, SVI results, and the integration of SWAT and SVI results using a risk matrix. Large increases in simulated 10-year and extreme high flows occurred in middle and lower parts of the river basin, and socially vulnerable communities were distributed throughout. We identified 16, 7, and 14 unique high-risk subbasins using SWAT results, SVI results, and SWAT and SVI results, respectively. By using a risk matrix, we identified subbasins with vulnerable communities that are projected to experience future increases in streamflow due to climate and land use change. These results serve as a starting point for subsequent climate change adaptation planning.
=592  \\$aPublisher supplied data
=593  \\$aPubAg article
=596  \\$aDE-SC0014664$cOak Ridge Institute for Science and Education
=650  \3$aSoil and Water Assessment Tool model
=650  \3$aclimate
=650  \3$aclimate change
=650  \3$ahuman communities
=650  \3$aland use change
=650  \3$aplanning
=650  \3$arisk
=650  \3$arisk management
=650  \3$asocioeconomic factors
=650  \3$astream flow
=650  \3$awatersheds
=651  \3$aSoutheastern United States
=700  1\$aSuttles, Kelly M.$eauthor$uCenter for Housing and Community Studies, University of North Carolina at Greensboro, Greensboro, North Carolina, USA
=700  1\$aCutts, Bethany B.$eauthor$uDepartment of Tourism, Parks and Management, North Carolina State University, Raleigh, North Carolina, USA
=700  1\$aEmanuel, Ryan E.$eauthor$uDepartment of Forestry and Environmental Resources, North Carolina State University, Raleigh, North Carolina, USA
=700  1\$aMartin, Katherine L.$eauthor$uDepartment of Forestry and Environmental Resources, North Carolina State University, Raleigh, North Carolina, USA
=700  1\$aWear, David N.$eauthor$uUnited States Department of Agriculture Forest Service Southern Research Station, 3041 East Cornwallis Road, Durham, North Carolina, 27709, USA
=700  1\$aCoulston, John W.$eauthor$uUnited States Department of Agriculture Forest Service Southern Research Station, Blacksburg, Virginia, USA
=700  1\$aVose, James M.$eauthor$uUnited States Department of Agriculture Forest Service Southern Research Station, 3041 East Cornwallis Road, Durham, North Carolina, 27709, USA
=773  0\$tEcosystems.$g2020 Jan., v. 23, no. 1 p.67-83$dSpringer US$wJournal:jnl70038$x1432-9840$7nnas
=787  1\$oislandora_article_repository
=787  1\$oproduct_pubag
=787  1\$o(Journal)jnl70038
=856  40$uhttp://dx.doi.org/10.1007/s10021-019-00387-5$3Available from publisher's site
=912  \\$aArticle
=914  \\$aJournal:jnl70038$b1432-9840$c23$d1$e67
=914  \\$fEcosystems
=916  \\$aBatch:2472
=917  \\$aissued
=918  2\$aSpringer$eprovider$5DNAL
=935  \\$aIND606825040$9ExL
=949  \\$a2020-06-02
=953  \\$a/data/metadata/incoming/springer/ftp_PUB_20-01-28_06-11-41.zip
=954  \\$afile:/data/metadata/staging/springer/10021-23-1.xml
=955  \\$a/data/metadata/staging/springer/
=961  \\$aUSDA/FS
=962  \\$aBatch:2472 reviewed on 2020-06-02T08:57:35Z
=974  \\$aagid:6825040
=983  \\$a2020-01-28
=984  \\$a2020-06-02

