=LDR  05822nab a2200757 u 4500
=001  9915838492607426
=005  20221119032021.0
=008  220124e20220115xx\|||||o|||||||||||eng||
=016  7\$aIND607565159$2DNAL
=024  7\$a10.1016/j.foreco.2021.119794$2doi
=035  \\$aagid:7565159-01nal_inst
=040  \\$aAGL$beng$cAGL
=100  1\$aGaines, William L.$eauthor$uWashington Conservation Science Institute, 12725 Wilson Street, Leavenworth, WA 98826, USA
=245  10$aClimate change and forest management on federal lands in the Pacific Northwest, USA: Managing for dynamic landscapes
=520  \\$aThe 1994 Northwest Forest Plan signified a watershed moment for natural resource management on federal lands in the Pacific Northwest. It established clear priorities for ecologically motivated management of terrestrial and aquatic ecosystems and biodiversity conservation on nearly 10 million hectares of public lands in Oregon, Washington, and northern California. Conservation reserves were the primary means of safeguarding remaining old forest and riparian habitats, and the populations of northern spotted owl, marbled murrelet, and Pacific salmon that depend on them. As envisioned, reserves would provide habitat for the protected species during a lengthy recovery period. However, reserve strategies were grounded on two tacit assumptions: the climate is stable, and there are limited disruptions by invasive species; neither of which has turned out to be true. Managing for northern spotted owls and other late-successional and old forest associated species within the context of static reserves has turned out to be incredibly challenging. As climatic and wildfire regimes continually shift and rapidly reshape landscapes and habitats, conservation efforts that rely solely on maintaining static conditions within reserves are likely to fail, especially in seasonally dry forests. Forest planners and managers are now occupied with efforts to amend or revise Forest Plans within the NWFP area. According to the 2012 Planning Rule, their charge is to focus management on restoring ecosystem integrity and resiliency and address impacts of climate change and invasive species. Here, we integrate information from ecological and climate sciences, species recovery planning, and forest plan monitoring to identify management adaptations that can help managers realize the original Plan goals as integrated with the goals of the 2012 Planning Rule. There are no guarantees associated with any future planning scenario; continual learning and adaptation are necessary. Our recommendations include managing for dynamic rather than static conditions in seasonally dry forests, managing dynamically shifting reserves in wetter forests, where dynamics occur more slowly, reducing stressors in aquatic and riparian habitats, and significantly increased use of adaptive management and collaborative planning.
=592  \\$aPublisher supplied data
=593  \\$aPubAg article
=650  \3$aOncorhynchus
=650  \3$aOregon
=650  \3$aStrigiformes
=650  \3$aadaptive management
=650  \3$abiodiversity conservation
=650  \3$aclimate
=650  \3$aclimate change
=650  \3$aforest ecology
=650  \3$aforest management
=650  \3$ahabitats
=650  \3$ainvasive species
=650  \3$aprotected species
=650  \3$awatersheds
=650  \3$awildfires
=651  \3$aCalifornia
=653  \0$aStatic reserves
=653  \0$aSpecies recovery planning
=653  \0$aEcosystem integrity and resiliency
=653  \0$aClimate change adaptation
=653  \0$aEcosystem restoration
=700  1\$aHessburg, Paul F.$eauthor$uPNW Research Station, USDA-Forest Service, 1133 N. Western Ave, Wenatchee, WA 98801, USA$1https://orcid.org/0000-0002-0330-7230
=700  1\$aAplet, Gregory H.$eauthor$uThe Wilderness Society, 1660 Wynkoop St., Suite 1150, Denver, CO 80202, USA
=700  1\$aHenson, Paul$eauthor$uOregon Fish and Wildlife Office, USDI-US Fish and Wildlife Service, Portland, OR, USA
=700  1\$aPrichard, Susan J.$eauthor$uSchool of Environmental and Forest Sciences, University of Washington, Box 352100, Seattle, WA 98195-2100, USA$1https://orcid.org/0000-0002-6001-1487
=700  1\$aChurchill, Derek J.$eauthor$uForest Health Division, Washington State-Department of Natural Resources, Box 47037, Olympia, WA 98504, USA$1https://orcid.org/0000-0002-3562-8194
=700  1\$aJones, Gavin M.$eauthor$uRocky Mountain Research Station, USDA-Forest Service, Albuquerque, NM, USA$1https://orcid.org/0000-0002-5102-1229
=700  1\$aIsaak, Daniel J.$eauthor$uRocky Mountain Research Station, USDA-Forest Service, 322 E Front St, Boise, ID 83702 USA
=700  1\$aVynne, Carly$eauthor$uOsprey Insights, 6857 31 Ave NE, Seattle, WA 98115, United States$1https://orcid.org/0000-0002-3656-2887
=773  0\$tForest ecology and management.$g2022 Jan. 15, v. 504 p.119794-$dElsevier B.V.$wJournal:jnl9013$x0378-1127$7nnas
=787  1\$oislandora_article_repository
=787  1\$oproduct_pubag
=787  1\$o(Journal)jnl9013
=856  40$uhttps://dx.doi.org/10.1016/j.foreco.2021.119794$3Available from publisher's site
=912  \\$aArticle
=914  \\$aJournal:jnl9013$b0378-1127$c504$e119794
=914  \\$fForest ecology and management
=916  \\$aBatch:10210
=917  \\$aissued
=918  2\$aElsevier Consyn$eprovider$5DNAL
=935  \\$aIND607565159$9ExL
=949  \\$a2022-02-23
=952  \\$dNAL-AP-2-clean
=953  \\$a/data/metadata/incoming/consyn/408882958345456991-00001-HEAD-ONLY-REVISEDSUBJECTLIST.zip
=954  \\$afile:/data/metadata/staging/consyn/S0378112721008859.xml
=955  \\$a/data/metadata/staging/consyn/
=961  \\$aUSDA/FS
=974  \\$aagid:7565159
=983  \\$a2022-01-24
=984  \\$a2022-02-21

