=LDR  03643nab a2200697 u 4500
=001  9915839351607426
=005  20221214230217.0
=008  160417e201605\\xx\|||||o|||||||||||eng||
=016  7\$aIND605184254$2DNAL
=024  7\$a316190$2aris
=024  7\$a10113/5184254$2hdl
=024  7\$a10.1007/s00128-016-1773-z$2doi
=024  8\$ans14196
=035  \\$aagid:5184254-01nal_inst
=040  \\$aAGL$beng$cAGL
=100  1\$aFaust, Derek R.$eauthor
=245  10$aPotential Implications of Approaches to Climate Change on the Clean Water Rule Definition of "Waters of the United States"
=300  \\$ap. 565-572.
=500  \\$aReview
=506  \\$aWorks produced by employees of the U.S. Government as part of their official duties are not copyrighted within the U.S. The content of this document is not copyrighted.
=520  \\$aThe 1972 Clean Water Act was passed to protect chemical, physical, and biological integrity of United States' waters. The U.S. Environmental Protection Agency and U.S. Army Corps of Engineers codified a new "waters of the United States" rule on June 29, 2015, because several Supreme Court case decisions caused confusion with the existing rule. Climate change could affect this rule through connectivity between groundwater and surface waters; floodplain waters and the 100-year floodplain; changes in jurisdictional status; and sea level rise on coastal ecosystems. Four approaches are discussed for handling these implications: (1) "Wait and see"; (2) changes to the rule; (3) use guidance documents; (4) Congress statutorily defining "waters of the United States." The approach chosen should be legally defensible and achieved in a timely fashion to provide protection to "waters of the United States" in proactive consideration of scientifically documented effects of climate change on aquatic ecosystems.
=592  \\$aPublisher supplied data
=593  \\$aPubAg article
=593  \\$eARIS manuscript
=650  \3$aClean Water Act
=650  \3$aUnited States Environmental Protection Agency
=650  \3$aaquatic ecosystems
=650  \3$aclimate change
=650  \3$acourts
=650  \3$afloodplains
=650  \3$agroundwater
=650  \3$asea level
=650  \3$asurface water
=651  \3$aUnited States
=700  1\$aMoore, Matthew T.$eauthor
=700  1\$aEmison, Gerald Andrews$eauthor
=700  1\$aRush, Scott A.$eauthor
=773  0\$tBulletin of environmental contamination and toxicology.$g2016 May, v. 96, no. 5 p.565-572$dSpringer US$x0007-4861$7nnas
=787  1\$oislandora_article_repository
=787  1\$oproduct_pubag
=787  1\$o(Journal)jnl46145
=856  40$uhttps://handle.nal.usda.gov/10113/5184254$3Available in the National Agricultural Library PubAg search system
=856  40$uhttps://dx.doi.org/10.1007/s00128-016-1773-z$3Available from publisher's site
=912  \\$aArticle
=914  \\$aJournal:jnl46145$b0007-4861$c96$d5$e565
=914  \\$fBulletin of environmental contamination and toxicology
=916  \\$aBatch:1308
=917  \\$aissued
=918  2\$aSpringer$eprovider$5DNAL
=935  \\$aIND605184254$9ExL
=949  \\$a2019-06-18
=953  \\$aftp_PUB_16-04-17_05-10-11.zip
=956  \\$aARIS submission$bhttps://submit.nal.usda.gov/system/files/submissions/Faust%20et%20al%202016%20BECT%20565-572.pdf
=961  \\$aUSDA
=962  \\$aJournal title changed from 'Bull Environ Contam Toxicol'
=962  \\$aBatch:1308 reviewed on 2016-06-15T13:00:03Z
=962  \\$aUSDA Scientist Submission
=974  \\$aagid:5184254
=983  \\$a2016-04-17
=984  \\$a2019-06-18
=986  \\$ans14196

