=LDR  05012nab a2200733 u 4500
=001  9915840031907426
=005  20221119041408.0
=008  190719e20190801xx\|||||o|||||||||||eng||
=016  7\$aIND606461966$2DNAL
=024  7\$a10.1016/j.agwat.2019.05.030$2doi
=035  \\$aagid:6461966-01nal_inst
=040  \\$aAGL$beng$cAGL
=100  1\$aChen, Xiaoping$eauthor$uXinjiang Institute of Ecology and Geography, Chinese Academy of Sciences, Xinjiang, 830011, China
=245  10$aSimulating impacts of climate change on cotton yield and water requirement using RZWQM2
=300  \\$ap. 231-241.
=520  \\$aAssessing the potential impacts of climate change on cotton (Gossypium hirsutum L.) yield and water demand is crucial in allocating water resources. In this study, cotton yield and water requirement under future climate scenarios was evaluated in Qira oasis, China. Six general circulation models (GCMs), under moderate and high representative concentration pathway (RCP) scenarios (4.5 and 8.5) and elevated CO2 (eCO2) concentration (218-502ppm), were used to project climate for near (2041-2060) and far future (2061-2080) periods. With current management practices, the impacts of climate change on cotton yield and water requirement were simulated using the Root Zone Water Quality Model (RZWQM2), which was calibrated with experimental data (2007-2014) in a previous study. For the study region, the GCMs predicted an increase of 2.38°C and 3.24°C in temperature and 3.5% and 5.3% mm in precipitation during the growing seasons (April-October) for 2041-2060 and 2061-2080, respectively. For 2041-2060, seed cotton yield was projected to increase by 0.24Mg ha−1 (5.6%) under RCP4.5 and 0.19Mg ha−1 (4.5%) under RCP8.5 comparing to the baseline yield of 4.23Mg ha-1; however, for 2061-2080, the model predicted a 0.32Mg ha−1 (7.6%) yield increase under RCP4.5 but a 0.28Mg ha−1 (6.5%) decrease under RCP8.5. The increased cotton yield was mainly attributable to the fertilization effect of eCO2 dominating the detrimental effects of shorter growing seasons (8.0-9.5 days). Alleviated low temperature stress also slightly promoted cotton yield. Averaged across the RCP4.5 and RCP8.5 scenarios, simulated cropping season water requirement for the 2041-2060 and 2061-2080 were 728mm and 706mm, respectively, an decrease by 7.5% and 10.3% relative to the present day baseline (786mm), respectively. This decrease was attributed to shorter growing seasons and eCO2. These results suggest that the region's agricultural water crisis may be alleviated in the future.
=592  \\$aPublisher supplied data
=593  \\$aPubAg article
=650  \3$aGeneral Circulation Models
=650  \3$aGossypium hirsutum
=650  \3$aRoot Zone Water Quality Model
=650  \3$acarbon dioxide enrichment
=650  \3$aclimate
=650  \3$aclimate change
=650  \3$acold stress
=650  \3$acotton
=650  \3$acrop yield
=650  \3$agrowing season
=650  \3$aoases
=650  \3$atemperature
=650  \3$awater requirement
=650  \3$awater resources
=651  \3$aChina
=653  \0$aClimate change
=653  \0$aGCMs
=653  \0$aRZWQM2 model
=653  \0$aCrop water requirement
=653  \0$aSeed cotton yield
=700  1\$aQi, Zhiming$eauthor$uXinjiang Institute of Ecology and Geography, Chinese Academy of Sciences, Xinjiang, 830011, China
=700  1\$aGui, Dongwei$eauthor$uXinjiang Institute of Ecology and Geography, Chinese Academy of Sciences, Xinjiang, 830011, China
=700  1\$aGu, Zhe$eauthor$uCollege of Agricultural Engineering, Hohai University, No. 1 Xikang Road, Nanjing, 210098, China
=700  1\$aMa, Liwang$eauthor$uUSDA-ARS Rangeland Resources and Systems Research Unit, Fort Collins, CO, 80526, USA
=700  1\$aZeng, Fanjiang$eauthor$uXinjiang Institute of Ecology and Geography, Chinese Academy of Sciences, Xinjiang, 830011, China
=700  1\$aLi, Lanhai$eauthor$uXinjiang Institute of Ecology and Geography, Chinese Academy of Sciences, Xinjiang, 830011, China
=773  0\$tAgricultural water management.$g2019 Aug. 01, v. 222 p.231-241$dElsevier B.V.$aElsevier B.V.$wJournal:jnl8460$x0378-3774$7nnas
=787  1\$oislandora_article_repository
=787  1\$oproduct_pubag
=787  1\$o(Journal)jnl8460
=856  40$uhttps://dx.doi.org/10.1016/j.agwat.2019.05.030$3Available from publisher's site
=912  \\$aArticle
=914  \\$aJournal:jnl8460$b0378-3774
=914  \\$fAgricultural water management
=916  \\$aBatch:2257
=917  \\$aissued
=918  2\$aElsevier Consyn$eprovider$5DNAL
=935  \\$aIND606461966$9ExL
=949  \\$a2019-07-19
=953  \\$a/data/metadata/incoming/consyn/906251995332688479-00001-HEAD-ONLY-REVISEDSUBJECTLIST.zip
=954  \\$afile:/data/metadata/staging/consyn/S0378377419305669.xml
=955  \\$a/data/metadata/staging/consyn/
=961  \\$aUSDA/ARS
=974  \\$aagid:6461966
=983  \\$a2019-07-19
=984  \\$a2019-07-19

