=LDR  03550nab a2200661 u 4500
=001  9915842722507426
=005  20221119004526.0
=008  190804e201306\\xx\|||||o|||||||||||eng||
=016  7\$aIND606557202$2DNAL
=024  7\$a23739478$2pmid
=024  7\$a10.1017/S1751731113000748$2doi
=035  \\$aagid:6557202-01nal_inst
=040  \\$aAGL$beng$cAGL
=100  1\$aDel Prado, A.$eauthor$uBasque Centre for Climate Change (BC3), Alameda Urquijo, 4, 4°-1a /48008 Bilbao, Spain
=245  10$aWhole-farm models to quantify greenhouse gas emissions and their potential use for linking climate change mitigation and adaptation in temperate grassland ruminant-based farming systems
=300  \\$ap. 373-385.
=520  \\$aThe farm level is the most appropriate scale for evaluating options for mitigating greenhouse gas (GHG) emissions, because the farm represents the unit at which management decisions in livestock production are made. To date, a number of whole farm modelling approaches have been developed to quantify GHG emissions and explore climate change mitigation strategies for livestock systems. This paper analyses the limitations and strengths of the different existing approaches for modelling GHG mitigation by considering basic model structures, approaches for simulating GHG emissions from various farm components and the sensitivity of GHG outputs and mitigation measures to different approaches. Potential challenges for linking existing models with the simulation of impacts and adaptation measures under climate change are explored along with a brief discussion of the effects on other ecosystem services.
=592  \\$aPublisher supplied data
=593  \\$aPubAg article
=650  \3$aclimate change
=650  \3$aecosystem services
=650  \3$afarming systems
=650  \3$afarms
=650  \3$agrasslands
=650  \3$agreenhouse gas emissions
=650  \3$agreenhouse gases
=650  \3$alivestock
=650  \3$alivestock production
=650  \3$amodels
=650  \3$apollution control
=653  \0$aadaptation
=653  \0$afarm-models
=653  \0$amitigation
=653  \0$aruminants
=700  1\$aCrosson, P.$eauthor$uLivestock Systems Research Department, Animal & Grassland Research and Innovation Centre, Teagasc, Grange, Dunsany, Co. Meath, Ireland
=700  1\$aOlesen, J. E.$eauthor$uDepartment of Agroecology, Aarhus University, Blichers Allé 20, PO Box 50, DK-8830 Tjele, Denmark
=700  1\$aRotz, C. A.$eauthor$uUSDA-ARS, Pasture Systems and Watershed Management Research Unit, University Park, 3702 Curtin Rd., PA 16802, USA
=773  0\$tAnimal.$g2013 June, v. 7, no. s2 p.373-385$dCambridge University Press$wJournal:jnl3938811$x1751-732X$7nnas
=787  1\$oislandora_article_repository
=787  1\$oproduct_pubag
=787  1\$o(Journal)jnl3938811
=856  40$uhttp://dx.doi.org/10.1017/S1751731113000748$3Available from publisher's site
=912  \\$aArticle
=914  \\$aJournal:jnl3938811$b1751-732X$c7$ds2$e373
=914  \\$fAnimal
=916  \\$aBatch:2405
=917  \\$aissued
=918  2\$aCambridge University Press$eprovider$5DNAL
=935  \\$aIND606557202$9ExL
=949  \\$a2020-02-13
=953  \\$a/data/metadata/incoming/cambridge/1751-7311_ANM_7_S2.zip
=954  \\$afile:/data/metadata/staging/cambridge/S1751731113000748.xml
=955  \\$a/data/metadata/staging/cambridge/
=961  \\$aUSDA/ARS
=962  \\$aBatch:2405 reviewed on 2020-02-13T16:00:03Z
=974  \\$aagid:6557202
=983  \\$a2019-08-04
=984  \\$a2020-02-13

