=LDR  05539nab a2200817 u 4500
=001  9915843363007426
=005  20221119011847.0
=008  190801e20190727xx\|||||o|||||||||||eng||
=016  7\$aIND606552704$2DNAL
=024  7\$a10.1016/j.scitotenv.2019.133648$2doi
=035  \\$aagid:6552704-01nal_inst
=040  \\$aAGL$beng$cAGL
=100  1\$aAyllón, Daniel$eauthor$uComplutense University of Madrid, Faculty of Biology, Department of Biodiversity, Ecology and Evolution, Madrid, Spain$1https://orcid.org/0000-0001-7539-5287
=245  10$aMechanistic simulations predict that thermal and hydrological effects of climate change on Mediterranean trout cannot be offset by adaptive behaviour, evolution, and increased food production
=500  \\$aPre-press version
=520  \\$aStreamflow is a main driver of fish population dynamics and is projected to decrease in much of the northern hemisphere, especially in the Mediterranean region, due to climate change. However, predictions of future climate effects on cold-water freshwater fish populations have typically focused only on the ecological consequences of increasing temperatures, overlooking the concurrent and interacting effects of climate-driven changes in streamflow regimes. Here, we present simulations that contrasted the consequences of changes in thermal regime alone versus the combined effects of changes in thermal regime and streamflow for resident trout populations in distinct river types with different sensitivities to climatic change (low-altitude main river vs. high-altitude headwaters). We additionally assessed the buffering effect of increased food production that may be linked to warming. We used an eco-genetic individual-based model that integrates the behavioural and physiological effects of extrinsic environmental drivers -temperature and flow- with intrinsic dynamics -density-dependence, phenotypic plasticity and evolutionary responses - across the entire trout life cycle, with Mediterranean brown trout Salmo trutta as the model species. Our simulations indicated that: (1) Hydrological change is a critical dimension of climate change for the persistence of trout populations, in that neither river type supported viable populations under strong rates of flow change, even under scenarios of increased food production. (2) Climate-change-related environmental change most affects the largest, oldest trout via increased metabolic costs and decreased energy inputs. In both river types, populations persisted under extreme warming alone but became dominated by younger, smaller fish. (3) Density-dependent, plastic and evolutionary changes in phenology and life-history traits provide trout populations with important resilience to warming, but strong concurrent shifts in streamflow could exceed the buffering conferred by such intrinsic dynamics.
=592  \\$aPublisher supplied data
=593  \\$aPubAg article
=650  \3$aSalmo trutta
=650  \3$aaltitude
=650  \3$aclimate
=650  \3$aclimate change
=650  \3$aenergy
=650  \3$aenvironmental impact
=650  \3$afish communities
=650  \3$afood production
=650  \3$afreshwater fish
=650  \3$alife history
=650  \3$amodels
=650  \3$aphenology
=650  \3$aphenotypic plasticity
=650  \3$apopulation dynamics
=650  \3$aprediction
=650  \3$arivers
=650  \3$astream flow
=650  \3$atemperature
=650  \3$atrout
=650  \3$awater
=651  \3$aMediterranean region
=653  \0$aHydrological change
=653  \0$aClimate vulnerability
=653  \0$aIndividual-based modelling
=653  \0$aBioenergetics
=653  \0$aBrown trout
=700  1\$aRailsback, Steven F.$eauthor$uLang Railsback & Associates, Arcata, CA, USA
=700  1\$aHarvey, Bret C.$eauthor$uPacific Southwest Research Station, USDA Forest Service, Arcata, CA, USA
=700  1\$aQuirós, Inmaculada García$eauthor$uHelmholtz Centre for Environmental Research - UFZ, Department of Computational Hydrosystems, Leipzig, Germany
=700  1\$aNicola, Graciela G.$eauthor$uUniversity of Castilla-La Mancha, Department of Environmental Sciences, Toledo, Spain
=700  1\$aElvira, Benigno$eauthor$uComplutense University of Madrid, Faculty of Biology, Department of Biodiversity, Ecology and Evolution, Madrid, Spain$1https://orcid.org/0000-0002-6127-5302
=700  1\$aAlmodóvar, Ana$eauthor$uComplutense University of Madrid, Faculty of Biology, Department of Biodiversity, Ecology and Evolution, Madrid, Spain
=773  0\$tScience of the total environment.$g2019 July 27,  p.133648-$dElsevier B.V.$wJournal:jnl4455$x0048-9697$7nnas
=787  1\$oislandora_article_repository
=787  1\$oproduct_pubag
=787  1\$o(Journal)jnl4455
=856  40$uhttps://dx.doi.org/10.1016/j.scitotenv.2019.133648$3Available from publisher's site
=912  \\$aArticle
=914  \\$aJournal:jnl4455$b0048-9697$e133648
=914  \\$fScience of the total environment
=916  \\$aBatch:2292
=917  \\$aissued
=918  2\$aElsevier Consyn$eprovider$5DNAL
=935  \\$aIND606552704$9ExL
=949  \\$a2019-08-20
=953  \\$a/data/metadata/incoming/consyn/763650125253420874-00001-HEAD-ONLY-NEW CONSYN ISSNS.zip
=954  \\$afile:/data/metadata/staging/consyn/S0048969719335740.xml
=955  \\$a/data/metadata/staging/consyn/
=961  \\$aUSDA/FS
=962  \\$aBatch:2292 reviewed on 2019-08-20T14:00:04Z
=974  \\$aagid:6552704
=983  \\$a2019-08-01
=984  \\$a2019-10-17

