=LDR  05133nab a2200889 u 4500
=001  9915843423207426
=005  20221215143057.0
=008  190415e201802\\xx\|||||o|||||||||||eng||
=016  7\$aIND605840582$2DNAL
=024  7\$a10.1016/j.funeco.2017.10.002$2chorus
=024  7\$a10.1016/j.funeco.2017.10.002$2doi
=024  7\$a10.1016/j.funeco.2017.10.002$2chorusOpen
=035  \\$aagid:5840582-01nal_inst
=040  \\$aAGL$beng$cAGL
=100  1\$aSlaughter, Lindsey C.$eauthor$uDepartment of Plant and Soil Science, Texas Tech University, Lubbock, TX, USA; Department of Plant and Soil Sciences, University of Kentucky, Lexington, KY, USA$1https://orcid.org/0000-0002-9918-6209
=245  10$aClimate change and Epichloë coenophiala association modify belowground fungal symbioses of tall fescue host
=300  \\$ap. 37-46.
=506  \\$aResource is Open Access$uhttp://purl.org/eprint/accessRights/OpenAccess
=506  \\$aCHORUS License Information
=520  \\$aHuman alteration of symbiont genetics among aboveground endophytic Epichloë coenophiala strains within tall fescue (Schedonorus arundinaceus) has led to widespread deployment of novel grass-endophyte combinations, yet little is known about their ecological consequences. In this study, clone pairs (endophyte-infected, endophyte-free) of two tall fescue genotypes received factorial combinations of increased temperature (+3 °C) and precipitation (+30% long-term annual mean) for 2 yr. We measured root arbuscular mycorrhizal fungi (AMF), dark septate endophyte (DSE) colonization, and soil AMF extraradical hyphae (ERH) length. We hypothesized that genetically distinct grass-E. coenophiala associations would differentially affect belowground fungi, and that these relationships would be climate-sensitive. Tall fescue genotype, endophyte presence, and climate treatment interactions affected AMF arbuscules, vesicles, and ERH. DSE decreased with E. coenophiala presence but increased with warming. Genetically distinct tall fescue-E. coenophiala associations may have divergent long-term impacts on other host-symbiont interactions, potentially impacting ecosystem function and response to climate change.
=592  \\$aPublisher supplied data
=593  \\$aPubAg article
=596  \\$cAgricultural Research Service$dhttps://doi.org/10.13039/100007917
=596  \\$cKentucky Agricultural Experiment Station$dhttps://doi.org/10.13039/100011136
=596  \\$cNational Science Foundation$dhttps://doi.org/10.13039/100006435
=596  \\$cU.S. Department of Energy$dhttps://doi.org/10.13039/100006151
=596  \\$cUniversity of Kentucky$dhttps://doi.org/10.13039/100007472
=506  0\$fUnrestricted online access$2star
=650  \3$aFestuca arundinacea subsp. arundinacea
=650  \3$aclimate
=650  \3$aclimate change
=650  \3$aecological function
=650  \3$aendophytes
=650  \3$aenvironmental impact
=650  \3$agenetics
=650  \3$agenotype
=650  \3$ahumans
=650  \3$ahyphae
=650  \3$amycorrhizal fungi
=650  \3$asoil
=650  \3$asymbionts
=650  \3$atemperature
=653  \0$aArbuscular mycorrhizal fungi
=653  \0$aClimate change
=653  \0$aDark septate endophyte
=653  \0$aGrassland
=653  \0$aNeotyphodium
=653  \0$aWarming
=700  1\$aNelson, Jim A.$eauthor$uDepartment of Plant and Soil Sciences, University of Kentucky, Lexington, KY, USA
=700  1\$aCarlisle, Elizabeth$eauthor$uDepartment of Plant and Soil Sciences, University of Kentucky, Lexington, KY, USA
=700  1\$aBourguignon, Marie$eauthor$uDepartment of Agronomy, Iowa State University, Ames, IA, USA
=700  1\$aDinkins, Randy D.$eauthor$uUSDA-ARS, Forage-Animal Production Research Unit, Lexington, KY, USA
=700  1\$aPhillips, Timothy D.$eauthor$uDepartment of Plant and Soil Sciences, University of Kentucky, Lexington, KY, USA
=700  1\$aMcCulley, Rebecca L.$eauthor$uDepartment of Plant and Soil Sciences, University of Kentucky, Lexington, KY, USA
=773  0\$tFungal ecology.$g2018 Feb., v. 31 p.37-46$dElsevier Ltd$aElsevier Ltd and British Mycological Society$wJournal:J000000080$x1754-5048$7nnas
=787  1\$oislandora_article_repository
=787  1\$oproduct_pubag
=787  1\$o(Journal)J000000080
=856  40$uhttps://dx.doi.org/10.1016/j.funeco.2017.10.002$3Available from publisher's site
=856  40$uhttp://handle.nal.usda.gov/10113/5840582
=912  \\$aArticle
=914  \\$aJournal:J000000080$b1754-5048$c31$e37
=914  \\$fFungal ecology
=916  \\$aBatch:1888
=917  \\$aissued
=918  2\$aElsevier Consyn$eprovider$5DNAL
=935  \\$aIND605840582$9ExL
=949  \\$a2020-03-06
=953  \\$a/data/metadata/incoming/consyn-backfiles/46-2-00106-HEAD-ONLY.zip
=954  \\$afile:/data/metadata/staging/consyn-backfiles/S1754504817301228.xml
=955  \\$a/data/metadata/staging/consyn-backfiles/
=961  \\$aUSDA/ARSUSDA
=962  \\$aUSDA Scientist Submission; eISSN 1878-0083
=962  \\$aMissing ISSN
=974  \\$aagid:5840582
=983  \\$a2019-04-15
=984  \\$a2022-09-06

