=LDR  05469nab a2200901 u 4500
=001  9915846448207426
=005  20221214225852.0
=008  201113s2020\\\\xx\|||||o|||||||||||eng||
=016  7\$aIND607175909$2DNAL
=024  7\$a10113/7175909$2hdl
=024  7\$a372634$2aris
=024  7\$a10.3390/su12187630$2doi
=024  7\$a432305$2aris_accn_no
=024  7\$a5030-13000-011-00D$2aris_project_no
=024  7\$a372634$2seq_no_115
=035  \\$aagid:7175909-01nal_inst
=040  \\$aAGL$beng$cAGL
=100  1\$aMalone, Robert$eauthor$uUSDA-ARS, National Laboratory for Agriculture and the Environment, Ames, IA 50011, USA$1https://orcid.org/0000-0001-5498-3864
=245  10$aDrainage N loads under climate change with winter rye cover crop in a northern Mississippi River Basin corn-soybean rotation
=300  \\$ap. 7630-18.
=520  \\$aTo help reduce N loads entering the Gulf of Mexico from the Mississippi River 45% by 2035, Iowa set the goal of reducing non-point source N loads 41%. Implementing winter rye cover crop into agricultural systems is one of the more promising strategies to reduce N loads to subsurface drainage, but its effectiveness in the Mississippi River Basin under expected climate change is uncertain. We used the tested Root Zone Water Quality Model (RZWQM) to estimate N loads to drainage and crop yield in a central Iowa corn-soybean rotation both with and without winter rye cover crop under: 1) observed weather and ambient CO2 (1991-2011, baseline, BL_CC and BL_NCC) and 2) projected future temperature and precipitation change from six Global Circulation Models (GCMs) and elevated CO2 (2065-2085; CC and NCC). Average annual N loads to drainage under NCC, BL_NCC, CC and BL_CC were 64.0, 47.5, 17.1, and 18.9 kg N/ha. N load to drainage was reduced with CC compared to BL_NCC more than 41% for 18 to 21 years depending on the GCM. Under projected climate change, average annual simulated crop yield differences between scenarios with and without winter rye were approximately 0.1 Mg/ha. These results suggest that implementing winter rye cover crop in a corn-soybean rotation effectively addresses the goal of N load reduction to drainage under climate change in a northern Mississippi River Basin agricultural system without affecting cash crop production.
=593  \\$aPubAg article
=595  \\$a773$balice.allen$c2021-07-30$damanda.xu$e2021-07-31
=593  \\$eARIS manuscript
=650  \3$aGeneral Circulation Models
=650  \3$aGlycine max
=650  \3$aRoot Zone Water Quality Model
=650  \3$aZea mays
=650  \3$aagricultural watersheds
=650  \3$aair temperature
=650  \3$aatmospheric precipitation
=650  \3$acarbon dioxide
=650  \3$acarbon dioxide enrichment
=650  \3$aclimate change
=650  \3$acorn
=650  \3$acover crops
=650  \3$acrop rotation
=650  \3$agrain yield
=650  \3$anitrogen
=650  \3$anonpoint source pollution
=650  \3$apollution control
=650  \3$apollution load
=650  \3$asoybeans
=650  \3$asubsurface drainage
=650  \3$awinter rye
=651  \3$aIowa
=651  \3$aMississippi River
=700  1\$aGarbrecht, Jurgen$eauthor$uUSDA-ARS, Grazing lands Research Laboratory, El Reno, OK 73036, USA
=700  1\$aBusteed, Phillip$eauthor$uUSDA-ARS, Grazing lands Research Laboratory, El Reno, OK 73036, USA
=700  1\$aHatfield, Jerry$eauthor$uUSDA-ARS, National Laboratory for Agriculture and the Environment, Ames, IA 50011, USA
=700  1\$aTodey, Dennis$eauthor$uUSDA-ARS, National Laboratory for Agriculture and the Environment, Ames, IA 50011, USA
=700  1\$aGerlitz, Jade$eauthor$uDepartment of Ag & Biosystems Engineering, Iowa State University, Ames, IA 50011, USA
=700  1\$aFang, Quanxiao$eauthor$uInstitute of Soil and Water Conservation, Chinese Academy of Sciences, Yangling 712100, China
=700  1\$aSima, Matthew$eauthor$uDepartment of Civil and Environmental Engineering, Princeton University, Princeton, NJ 08544, USA
=700  1\$aRadke, Anna$eauthor$uUSDA-ARS, National Laboratory for Agriculture and the Environment, Ames, IA 50011, USA
=700  1\$aMa, Liwang$eauthor$uUSDA-ARS, Rangeland Resources and Systems Research Unit, Fort Collins, CO 80526, USA
=700  1\$aQi, Zhiming$eauthor$uDepartment of Bioresource Engineering, McGill University, Sainte-Anne-de-Bellevue, QC H9X 3V9, Canada
=700  1\$aWu, Huaiqing$eauthor$uDepartment of Statistics, Iowa State University, Ames, IA 50011, USA
=700  1\$aJaynes, Dan$eauthor$uUSDA-ARS, National Laboratory for Agriculture and the Environment, Ames, IA 50011, USA
=700  1\$aKaspar, Thomas$eauthor$uUSDA-ARS, National Laboratory for Agriculture and the Environment, Ames, IA 50011, USA
=773  0\$tSustainability.$g2020, v. 12, no. 18 p.7630-18$wJournal:2270$x2071-1050$7nnas
=787  1\$oislandora_article_repository
=787  1\$oproduct_pubag
=787  1\$o(Journal)2270
=856  40$uhttp://dx.doi.org/10.3390/su12187630$3Available from publisher's Web site
=912  \\$aArticle
=914  \\$aJournal:2270$b2071-1050$c12$d18$e7630
=914  \\$fSustainability
=916  \\$aBatch:10175
=917  \\$aissued
=935  \\$aIND607175909$9ExL
=949  \\$a2021-12-23
=952  \\$dgolden set
=961  \\$aUSDA$bUSDA
=962  \\$aUSDA Scientist Submission; eISSN 2071-1050
=974  \\$aagid:7175909
=983  \\$a2020-11-13
=984  \\$a2021-12-23

