=LDR  03719nab a2200697 u 4500
=001  9915850615107426
=005  20221119003023.0
=008  201112s2020\\\\xx\|||||o|||||||||||eng||
=016  7\$aIND607174875$2DNAL
=024  7\$a10.1007/s42161-020-00502-9$2doi
=035  \\$aagid:7174875-01nal_inst
=040  \\$aAGL$beng$cAGL
=100  1\$aShukla, Prabhat Kumar$eauthor$uICAR- Central Institute for Subtropical Horticulture, Lucknow, UP 226 101, India
=245  10$aMaxEnt prediction for potential risk of mango wilt caused by Ceratocystis fimbriata Ellis and Halst under different climate change scenarios in India
=300  \\$ap. 765-773.
=500  \\$aNAL-light
=520  \\$aWilt of mango caused by Ceratocystis fimbriata has become a great threat to mango production in Bangladesh, Brazil, Oman, Pakistan, Spain and very recently in India also. In the present study potential distribution of mango wilt in India was predicted under different climate change scenarios by ecological niche modeling by MaxEnt. Study revealed that cutting across the different scenarios precipitation of wettest month, precipitation seasonality, temperature seasonality, isothermality were the significant factors in determining the disease distribution. Highest suitability areas for the disease occurrence under current scenario was predicted in southern parts of Jammu and Kashmir, southern Himachal Pradesh and Uttarakhand, western and central Uttar Pradesh, western part of Bihar, western part of Maharashtra and Karnataka. Under future climate scenarios in 2050 highest suitability areas were predicted in parts of southern Jammu and Kashmir and western Bihar; whereas in 2070 scenario the highest suitability of disease occurrence was predicted in Uttar Pradesh, Jammu Kashmir, Bihar, Himachal Pradesh and Madhya Pradesh. This study provides important information on the risk of C. fimbriata wilt using a MaxEnt model in India. The results can be utilized in strategic planning to prevent further spread of disease.
=593  \\$aPubAg article
=593  \\$dKeyed article
=595  \\$a676$balice.allen$c2020-12-03$damanda.xu$e2020-12-25
=650  \3$aCeratocystis fimbriata
=650  \3$aclimate
=650  \3$aclimate change
=650  \3$acutting
=650  \3$adisease occurrence
=650  \3$adisease transmission
=650  \3$ainformation
=650  \3$amangoes
=650  \3$amodels
=650  \3$aniches
=650  \3$aplanning
=650  \3$aplant pathology
=650  \3$aprediction
=650  \3$arisk
=650  \3$atemperature
=651  \3$aBangladesh
=651  \3$aBrazil
=651  \3$aIndia
=651  \3$aOman
=651  \3$aPakistan
=651  \3$aSpain
=700  1\$aBaradevanal, Gundappa$eauthor$uICAR- Central Institute for Subtropical Horticulture, Lucknow, UP 226 101, India
=700  1\$aRajan, Shailendra$eauthor$uICAR- Central Institute for Subtropical Horticulture, Lucknow, UP 226 101, India
=700  1\$aFatima, Tahseen$eauthor$uICAR- Central Institute for Subtropical Horticulture, Lucknow, UP 226 101, India
=773  0\$tJournal of plant pathology.$g2020, v. 102, no. 3 p.765-773$dEdizioni ETS$wJournal:jnl4181443$x1125-4653$7nnas
=787  1\$oislandora_article_repository
=787  1\$oproduct_pubag
=787  1\$o(Journal)jnl4181443
=856  40$uhttp://dx.doi.org/10.1007/s42161-020-00502-9
=912  \\$aArticle
=914  \\$aJournal:jnl4181443
=914  \\$fJournal of plant pathology
=916  \\$aBatch:2643
=917  \\$aissued
=935  \\$aIND607174875$9ExL
=949  \\$a2021-02-25
=961  \\$aUSDA
=962  \\$aUSDA Scientist Submission; eISSN 2239-7264
=974  \\$aagid:7174875
=983  \\$a2020-11-12
=984  \\$a2021-02-25

