=LDR  04140nab a2200673 u 4500
=001  9915856255007426
=005  20221119084302.0
=008  190614e20180817xx\|||||o|||||||||||eng||
=016  7\$aIND606469278$2DNAL
=024  7\$a10.3390/agronomy8080152$2doi
=035  \\$aagid:6469278-01nal_inst
=040  \\$aAGL$beng$cAGL
=100  1\$aZiska, Lewis  H.$eauthor$uAdaptive Cropping Systems Laboratory, United States Department of Agriculture (USDA), Agricultural Research Service (ARS), Beltsville, MD 20705, USA. L.Ziska@ars.usda.gov
=245  10$aClimate Change, Carbon Dioxide, and Pest Biology, Managing the Future: Coffee as a Case Study
=520  \\$aThe challenge of maintaining sufficient food, feed, fiber, and forests, for a projected end of century population of between 9–10 billion in the context of a climate averaging 2–4 °C warmer, is a global imperative. However, climate change is likely to alter the geographic ranges and impacts for a variety of insect pests, plant pathogens, and weeds, and the consequences for managed systems, particularly agriculture, remain uncertain. That uncertainty is related, in part, to whether pest management practices (e.g., biological, chemical, cultural, etc.) can adapt to climate/CO<inf>2</inf> induced changes in pest biology to minimize potential loss. The ongoing and projected changes in CO<inf>2</inf>, environment, managed plant systems, and pest interactions, necessitates an assessment of current management practices and, if warranted, development of viable alternative strategies to counter damage from invasive alien species and evolving native pest populations. We provide an overview of the interactions regarding pest biology and climate/CO<inf>2</inf>; assess these interactions currently using coffee as a case study; identify the potential vulnerabilities regarding future pest impacts; and discuss possible adaptive strategies, including early detection and rapid response via EDDMapS (Early Detection & Distribution Mapping System), and integrated pest management (IPM), as adaptive means to improve monitoring pest movements and minimizing biotic losses while improving the efficacy of pest control.
=592  \\$aPublisher supplied data
=593  \\$aPubAg article
=650  \3$acarbon dioxide
=650  \3$acase studies
=650  \3$aclimate
=650  \3$aclimate change
=650  \3$aforests
=650  \3$ageographical distribution
=650  \3$ainsect pests
=650  \3$aintegrated pest management
=650  \3$ainvasive species
=650  \3$amonitoring
=650  \3$apest control
=650  \3$aplant pathogens
=650  \3$auncertainty
=650  \3$aweeds
=700  1\$aBradley, Bethany  A.$eauthor
=700  1\$aWallace, Rebekah  D.$eauthor
=700  1\$aBargeron, Charles  T.$eauthor
=700  1\$aLaForest, Joseph  H.$eauthor
=700  1\$aChoudhury, Robin  A.$eauthor
=700  1\$aGarrett, Karen  A.$eauthor
=700  1\$aVega, Fernando  E.$eauthor$uSustainable Perennial Crops Laboratory, United States Department of Agriculture, Agricultural Research Service, Beltsville, MD 20705, USA. Fernando.Vega@ars.usda.gov
=773  0\$tAgronomy.$g2018 Aug. 17, v. 8, no. 8$dMultidisciplinary Digital Publishing Institute$wJournal:12361$x2073-4395$7nnas
=787  1\$oislandora_article_repository
=787  1\$oproduct_pubag
=787  1\$o(Journal)12361
=856  40$uhttp://dx.doi.org/10.3390/agronomy8080152$3Available from publisher's site
=912  \\$aArticle
=914  \\$aJournal:12361$b2073-4395$c8$d8
=914  \\$fAgronomy
=916  \\$aBatch:2296
=917  \\$aissued
=918  2\$aMultidisciplinary Digital Publishing Institute$eprovider$5DNAL
=935  \\$aIND606469278$9ExL
=949  \\$a2019-09-06
=953  \\$a/data/metadata/incoming/mdpinstitute/agronomy-v08-i08-20180822.xml
=954  \\$afile:/data/metadata/staging/mdpinstitute/agronomy-v08-i08-20180822.xml
=955  \\$a/data/metadata/staging/mdpinstitute/
=961  \\$aUSDA/ARS
=962  \\$aBatch:2296 reviewed on 2019-09-06T13:00:05Z
=974  \\$aagid:6469278
=983  \\$a2019-06-14
=984  \\$a2019-09-06

