=LDR  05380nab a2200829 u 4500
=001  9915856557107426
=005  20221214223757.0
=008  170814e20150301xx\|||||o|||||||||||eng||
=016  7\$aIND605801783$2DNAL
=024  7\$a10113/5801783$2hdl
=024  7\$a304695$2aris
=024  7\$a10.2489/jswc.70.2.101$2doi
=035  \\$aagid:5801783-01nal_inst
=040  \\$aAGL$beng$cAGL
=100  1\$aGautam, S.$eauthor$uDepartment of Plant Science, South Dakota State University, Brookings, South Dakota
=245  10$aAgricultural policy environmental eXtender model simulation of climate change impacts on runoff from a small no-till watershed
=300  \\$ap. 101-109.
=506  \\$aWorks produced by employees of the U.S. Government as part of their official duties are not copyrighted within the U.S. The content of this document is not copyrighted.
=520  \\$aLong-term hydrologic data sets are required to quantify the impacts of management and climate on runoff at the field scale where management practices are applied. This study was conducted to evaluate the impacts of long-term management and climate on runoff from a small watershed managed with   no-till (NT) system. The Agricultural Policy Environmental eXtender (APEX), a field scale hydrologic model which is capable of simulating the management and climate impacts on runoff, was used in this study. The specific objectives of the study were to (1) simulate the impacts of cropping management and tillage system on runoff and (2) simulate climate change impacts on runoff using different temperature, precipitation, and carbon dioxide (CO2) scenarios generated from the APEX model. The study was conducted on a small watershed located on the North Appalachian Experimental Watershed (NAEW) near   Coshocton, Ohio. This watershed (WS 118, ~0.79 ha [1.95 ac]) includes NT management with two periods of crop rotations: corn (Zea mays L.)-soybean (Glycine max L.)-rye (Secale cereale L.) (CSR; 2000 to 2005) and continuous corn (CC; 2006 to 2011). The results from this study indicate that the CSR rotation showed 37% lower simulated mean annual runoff compared with that of CC under NT system. The   climate change scenarios indicated runoff was most sensitive to the precipitation, and interactions of precipitation, temperature, and CO2 concentrations. The highest increase of runoff (61%) was observed with 15% increase of precipitation, and the highest reduction in runoff (47%) with 15% decrease in precipitation, demonstrating the nonlinearity of hydrological systems. The results demonstrate the benefits of cover crops in the CSR over the CC rotation under NT system and show the significant impacts of climate change on runoff response from a small, upland, agricultural watershed. For future research, climate change impacts on runoff can be assessed using downscaled climate models that take into consideration interaction among weather parameters.
=593  \\$aPubAg article
=594  \\$aEmbargoed article
=595  \\$bllucas$c2017-09-16$dmanager-lgarner$e2017-09-25
=593  \\$eARIS manuscript
=650  \3$aGlycine max
=650  \3$aSecale cereale
=650  \3$aZea mays
=650  \3$aagricultural watersheds
=650  \3$acarbon dioxide
=650  \3$aclimate
=650  \3$aclimate change
=650  \3$aclimate models
=650  \3$acorn
=650  \3$acover crops
=650  \3$acrop rotation
=650  \3$adata collection
=650  \3$ahighlands
=650  \3$ahydrologic data
=650  \3$ahydrologic models
=650  \3$ano-tillage
=650  \3$arunoff
=650  \3$asimulation models
=650  \3$asoil
=650  \3$atemperature
=650  \3$awater conservation
=650  \3$aweather
=651  \3$aOhio
=700  1\$aMbonimpa, E. G.$eauthor$uDepartment of Plant Science, South Dakota State University, Brookings, South Dakota
=700  1\$aKumar, S.$eauthor$uDepartment of Plant Science, South Dakota State University, Brookings, South Dakota
=700  1\$aBonta, J. V.$eauthor$uUSDA Agricultural Research Service, National Sedimentation Lab, Oxford, Mississippi
=700  1\$aLal, R.$eauthor$uSchool of Environment and Natural Resources, The Ohio State University, Columbus, Ohio
=773  0\$tJournal Soil and Water Conservation.$g2015  1, v. 70, no. 2 p.101-109$wJournal:1947$x0022-4561$7nnas
=787  1\$oislandora_article_repository
=787  1\$oproduct_pubag
=787  1\$o(Journal)1947
=856  40$uhttps://handle.nal.usda.gov/10113/5801783$3Available in the National Agricultural Library PubAg search system
=856  40$uhttp://dx.doi.org/10.2489/jswc.70.2.101$3Available from publisher's site
=912  \\$aArticle
=914  \\$aJournal:1947$c70$d2$e101
=914  \\$fJournal Soil and Water Conservation
=916  \\$aBatch:1833
=917  \\$aissued
=935  \\$aIND605801783$9ExL
=949  \\$a2017-10-04
=956  \\$aARIS submission$bhttps://submit.nal.usda.gov/system/files/submissions/304695%20Agricultural%20policy%20enviromental%20eXtender.pdf
=961  \\$aUSDA
=962  \\$aUSDA Scientist Submission
=962  \\$aBatch:1833 reviewed on 2017-10-04T13:00:03Z
=974  \\$aagid:5801783
=983  \\$a2017-08-14
=984  \\$a2017-10-04
=985  \\$aUSDA submission converted from Drupal to MODS version 3.4 using submission2mods.xsl (Revision 1.002 2014/01/28)
=986  \\$ans12970

