=LDR  05340nab a2201117 u 4500
=001  9915857056907426
=005  20221214225306.0
=008  140515e201406\\xx\|||||o|||||||||||eng||
=016  7\$aIND500893339$2DNAL
=024  7\$a24399203$2pmid
=024  7\$a296238$2aris
=024  7\$a10113/58786$2hdl
=024  7\$a10.1007/s00267-013-0218-2$2doi
=024  8\$ans4501
=035  \\$aagid:58786-01nal_inst
=040  \\$aAGL$beng$cAGL
=100  1\$aSvejcar, Tony$eauthor
=245  10$aWestern Land Managers Will Need All Available Tools For Adapting To Climate Change, Including Grazing: A Critique of Beschta et al
=300  \\$ap. 1035-1038.
=506  \\$aWorks produced by employees of the U.S. Government as part of their official duties are not copyrighted within the U.S. The content of this document is not copyrighted.
=520  \\$aIn a previous article, Beschta et al. (2013) argue that grazing by large ungulates (both native and domestic) should be eliminated or greatly reduced on western public lands to reduce potential climate change impacts. The authors were selective in their use of the scientific literature, and their publication is more of an opinion article than a synthesis. Their conclusions do not reflect the complexities associated with herbivore grazing. Interactions of climate change and grazing will depend on the specific situation. For example, increasing atmospheric CO2 and temperatures may increase both accumulation of fine fuels (primarily grasses) and thus increase wildfire risk. Prescribed grazing by livestock is one of the few management tools available for reducing fine fuel accumulation. While there are certainly points on the landscape where herbivore impacts can be identified, there are also vast grazed areas where impacts are minimal. Broad scale reduction of domestic and wild herbivores to help native plant communities cope with climate change will be unnecessary because over the past 20 to 50 years land managers have actively sought to bring populations of native and domestic herbivores in balance with the potential of vegetation and soils. To cope with a changing climate, land managers will need access to all available vegetation management tools, including grazing.
=593  \\$aPubAg article
=593  \\$cUSDA submission
=594  \\$aEmbargoed article
=593  \\$eARIS manuscript
=650  \3$acarbon dioxide
=650  \3$aclimate
=650  \3$aclimate change
=650  \3$afuel loading
=650  \3$afuels
=650  \3$agrazing
=650  \3$aherbivores
=650  \3$aindigenous species
=650  \3$aland management
=650  \3$alivestock
=650  \3$amanagers
=650  \3$aplant communities
=650  \3$apublic lands
=650  \3$arisk
=650  \3$asoil
=650  \3$atemperature
=650  \3$aungulates
=650  \3$avegetation
=650  \3$awildfires
=650  \2$aClimate Change
=650  \2$aConservation of Natural Resources$xmethods
=650  \2$aEcosystem
=700  1\$aBoyd, Chad$eauthor
=700  1\$aDavies, Kirk$eauthor
=700  1\$aMadsen, Matthew$eauthor
=700  1\$aBates, Jon$eauthor
=700  1\$aSheley, Roger$eauthor
=700  1\$aMarlow, Clayton$eauthor
=700  1\$aBohnert, David$eauthor
=700  1\$aBorman, Mike$eauthor
=700  1\$aMata-Gonzalez, Ricardo$eauthor
=700  1\$aBuckhouse, John$eauthor
=700  1\$aStringham, Tamzen$eauthor
=700  1\$aPerryman, Barry$eauthor
=700  1\$aSwanson, Sherman$eauthor
=700  1\$aTate, Kenneth$eauthor
=700  1\$aGeorge, Mel$eauthor
=700  1\$aRuyle, George$eauthor
=700  1\$aRoundy, Bruce$eauthor
=700  1\$aCall, Chris$eauthor
=700  1\$aJensen, Kevin$eauthor
=700  1\$aLaunchbaugh, Karen$eauthor
=700  1\$aGearhart, Amanda$eauthor
=700  1\$aVermeire, Lance$eauthor
=700  1\$aTanaka, John$eauthor
=700  1\$aDerner, Justin$eauthor
=700  1\$aFrasier, Gary$eauthor
=700  1\$aHavstad, Kris$eauthor
=773  0\$tEnvironmental management.$g2014 June, v. 53, no. 6 p.1035-1038$dSpringer-Verlag$x0364-152X$7nnas
=787  1\$oislandora_article_repository
=787  1\$oproduct_pubag
=787  1\$o(Journal)jnl8014
=856  40$uhttps://handle.nal.usda.gov/10113/58786$3Available in the National Agricultural Library PubAg search system
=856  40$uhttp://dx.doi.org/10.1007/s00267-013-0218-2
=912  \\$aArticle
=914  \\$aJournal:jnl8014$b0364-152X$c53$d6$e1035
=914  \\$fEnvironmental management
=917  \\$aissued
=935  \\$aIND500893339$9ExL
=949  \\$a2014-06-06
=956  \\$aARIS submission$bhttp://submit-u.nal.usda.gov/system/files/submissions/296238%20Western%20land%20managers%20will%20need%20all%20available%20tools%20for%20adapting%20to%20climate%20change%2C%20including%20grazing%20%20A%20critique%20of%20Beschta%20et%20al.pdf
=961  \\$aUSDA
=962  \\$aUSDA Scientist Submission
=962  \\$aBatch:550 annotated on 2014-05-26T21:35:50Z
=962  \\$aBatch:550 reviewed on 2014-06-06T04:00:03Z
=962  \\$aBatch:550 reviewed on 2014-06-06T16:00:02Z
=974  \\$aagid:58786
=983  \\$a2014-05-15
=984  \\$a2015-10-29
=985  \\$aUSDA submission converted from Drupal to MODS version 3.4 using submission2mods.xsl (Revision 1.002 2014/01/28)
=986  \\$ans4501

