=LDR  03670nab a2200757 u 4500
=001  9916032158807426
=005  20221123000319.0
=008  100115e20100205xx\|||||o|||||||||||eng||
=016  7\$aIND44313655$2DNAL
=024  7\$a10.1016/j.foreco.2009.07.022$2doi
=024  7\$a10113/38216$2hdl
=035  \\$aagid:38216-01nal_inst
=040  \\$aAGL$beng$cAGL
=072  \0$aF300
=072  \0$aK250
=072  \0$aB200
=100  1\$aWoodall, C.W.
=245  10$aSelecting tree species for testing climate change migration hypotheses using forest inventory data
=300  \\$ap. 778-785.
=500  \\$aIncludes references
=500  \\$a2019-12-05
=520  \\$aThe lack of objective tree species lists hinders the assessment of climate change effects on tree species distributions. The goal of this study was to develop and evaluate criteria for selecting tree species used in large-scale tree migration monitoring efforts. The results of this study indicate that tree migration conclusions are highly dependant on the species selected for examination. It was found that tree species' median latitudes or forecasted future areas provided objective criteria for development of species lists for migration hypothesis testing with the latter being insensitive to simulation error. Furthermore, only 10-15 of the top species, in terms of high median latitudes or loss in forecasted future area, are needed to maximize the sensitivity of a migration index. The use of such criteria in this study indicated a northward shift of sensitive tree populations of 27km. It is suggested that examining species only the most likely to migrate serves as an objective starting point for migration detection. In contrast, the inclusion of all tree species commonly observed in large-scale forest inventories can obfuscate migration detection with tree species that have little ecological reason to immediately migrate in a changing climate.
=593  \\$aPubAg article
=593  \\$cUSDA submission
=650  \3$ageographical distribution
=650  \3$ainterspecific variation
=650  \3$aforest trees
=650  \3$aindicator species
=650  \3$aspatial distribution
=650  \3$aseedlings
=650  \3$aclimate change
=650  \3$adata analysis
=650  \3$alatitude
=650  \3$aforest inventory
=650  \3$adetection
=651  \3$aUnited States
=653  \0$aspecies differences
=653  \0$aplant migration
=700  1\$aOswalt, C.M.
=700  1\$aWestfall, J.A.
=700  1\$aPerry, C.H.
=700  1\$aNelson, M.D.
=700  1\$aFinley, A.O.
=773  0\$tForest ecology and management.$g2010 Feb. 5, v.  259, no.  4 p.778-785$dElsevier Science$x0378-1127$7nnas
=787  1\$oproduct_pubag
=787  1\$oislandora_article_repository
=787  1\$oislandora_pubag_with_text
=787  1\$o(Journal)jnl9013
=852  \\$aDNAL
=856  40$uhttps://handle.nal.usda.gov/10113/38216$3Available in the National Agricultural Library PubAg search system
=856  40$uhttp://dx.doi.org/10.1016/j.foreco.2009.07.022$3Available from publisher's Web site
=912  \\$aArticle
=914  \\$aJournal:jnl9013$b0378-1127$c259$d4$e778
=914  \\$fForest ecology and management
=917  \\$aissued
=930  \\$a20110518$b20110603$c00000000
=935  \\$aIND44313655$9ExL
=945  \\$aIND$dLYN$e2010/01/25
=946  \\$aNon-US
=949  \\$a2016-09-13
=952  \\$a20110518 20110603 00000000$bIND LYN 2010/01/25
=961  \\$aUSDA/FS
=974  \\$aagid:38216
=984  \\$a2011-06-03
=985  \\$aConverted from MARCXML to MODS version 3.4 using MARC21slim2MODS3-4.xsl (Revision 1.95 2014/04/23)
=986  \\$a4313655

