=LDR  02345nab a2200745 u 4500
=001  9916032340507426
=005  20221120230056.0
=008  100423|xx\|||||||||||||||||eng||
=016  7\$aIND44358140$2DNAL
=024  7\$a10113/41040$2hdl
=035  \\$aagid:41040-01nal_inst
=040  \\$aAGL$beng$cAGL
=072  \0$aB200
=072  \0$aF300
=072  \0$aK800
=072  \0$aF821
=072  \0$aK810
=072  \0$aW000
=072  \0$aK200
=100  1\$aSolomon, A.M.
=245  10$aForest responses to global change in North America: interacting forces define a research agenda
=500  \\$aIncludes references
=500  \\$a2019-12-05
=593  \\$aPubAg article
=594  \\$aEmbargoed article
=650  \3$aland use change
=650  \3$awildland-urban interface
=650  \3$ageographical distribution
=650  \3$aphytophagous insects
=650  \3$aboreal forests
=650  \3$abark beetles
=650  \3$atemperate forests
=650  \3$awildfires
=650  \3$apollutants
=650  \3$aclimate change
=650  \3$aforest management
=650  \3$aforest growth
=650  \3$aDendroctonus ponderosae
=650  \3$aair pollution
=650  \3$aforest pests
=650  \3$aforest health
=653  \0$aforest-atmosphere interactions
=653  \0$ainsect pests
=653  \0$aland use
=700  1\$aFreer-Smith, P.H.
=773  0\$tForestry and climate change / edited by Peter H. Freer-Smith, Mark S.J. Broadmeadow and Jim M. Lynch.$dCABI Pub., c2007.$7nnas
=787  1\$oproduct_pubag
=787  1\$oislandora_article_repository
=852  \\$aDNAL
=856  40$uhttps://handle.nal.usda.gov/10113/41040$3Available in the National Agricultural Library PubAg search system
=912  \\$aArticle
=914  \\$fForestry and climate change / edited by Peter H. Freer-Smith, Mark S.J. Broadmeadow and Jim M. Lynch
=917  \\$aissued
=930  \\$a20100429$b20100501$c00000000
=935  \\$aIND44358140$9ExL
=945  \\$aIND$dLYN$e2010/04/26
=946  \\$aNon-US
=949  \\$a2014-07-17
=952  \\$a20100429 20100501 00000000$bIND LYN 2010/04/26
=961  \\$aUSDA/FS
=974  \\$aagid:41040
=979  \\$aMissing Issue date
=984  \\$a2010-05-01
=985  \\$aConverted from MARCXML to MODS version 3.4 using MARC21slim2MODS3-4.xsl (Revision 1.95 2014/04/23)
=986  \\$a4358140

