=LDR  03997nab a2200745 u 4500
=001  9916032491307426
=005  20221122034719.0
=008  090612e20090630xx\|||||o|||||||||||eng||
=016  7\$aIND44219181$2DNAL
=024  7\$a10.1002/hyp.7321$2doi
=024  7\$a10113/41011$2hdl
=035  \\$aagid:41011-01nal_inst
=040  \\$aAGL$beng$cAGL
=072  \0$aB200
=072  \0$aP200
=072  \0$aX100
=100  1\$aSomura, H.
=245  10$aImpact of climate change on the Hii River basin and salinity in Lake Shinji: a case study using the SWAT model and a regression curve
=300  \\$ap. 1887-1900.
=500  \\$aIncludes references
=500  \\$a2019-12-05
=520  \\$aThe impacts of climate change on water resources were analysed for the Hii River basin and downstream Lake Shinji. The variation between saline and fresh water within these systems means that they encompass diverse ecosystems. Changes in evapotranspiration (ET), snow water equivalent, discharge into the basin, and lake salinity were determined for different climate scenarios. The impact of climate change on a brackish water clam found in the lake was then examined using simulated monthly variations of lake salinity and information from prior studies of the clam.ET increased and snow water equivalent decreased for all scenarios incorporating temperature rise, particularly during the winter season. Furthermore, ET and snow water equivalent were not as sensitive to variations in precipitation and thus temperature rise was considered to be a major factor for these variables. Nevertheless, monthly discharge volume was more influenced by variation in precipitation than variations in temperature. Discharge increased during both the summer and winter season, since precipitation contributed to river discharge instead of being stored as snow pack during the winter season. The magnitudes of salinity dilutions and concentrations predicted under the climate change scenarios would not be lethal for adult clams. However, the egg-laying season of the clam would coincide with periods of strong salinity dilution in the lake. Since juveniles are less tolerant to changes in salinity, future generations of the clam may be affected and reproduction of the clam may be reduced by increasing precipitation in the future.
=593  \\$aPubAg article
=593  \\$cUSDA submission
=650  \3$asimulation models
=650  \3$arivers
=650  \3$aevapotranspiration
=650  \3$alakes
=650  \3$asalinity
=650  \3$aair temperature
=650  \3$aregression analysis
=650  \3$aclimate change
=650  \3$awatershed hydrology
=650  \3$aSoil and Water Assessment Tool model
=650  \3$acase studies
=651  \3$aJapan
=653  \0$amathematical models
=700  1\$aArnold, J.
=700  1\$aHoffman, D.
=700  1\$aTakeda, I.
=700  1\$aMori, Y.
=700  1\$aDi Luzio, M.
=773  0\$tHydrological processes.$g2009 June 30, v.  23, no.  13 p.1887-1900$dJohn Wiley & Sons, Ltd.$x0885-6087$7nnas
=787  1\$oproduct_pubag
=787  1\$oislandora_article_repository
=787  1\$oislandora_pubag_with_text
=787  1\$o(Journal)jnl3938466
=852  \\$aDNAL
=856  40$uhttps://handle.nal.usda.gov/10113/41011$3Available in the National Agricultural Library PubAg search system
=856  40$uhttp://dx.doi.org/10.1002/hyp.7321$3Available from publisher's Web site
=912  \\$aArticle
=914  \\$aJournal:jnl3938466$b0885-6087$c23$d13$e1887
=914  \\$fHydrological processes
=917  \\$aissued
=930  \\$a20100428$b20100501$c00000000
=935  \\$aIND44219181$9ExL
=945  \\$aIND$dGAY$e2010/04/26
=946  \\$aNon-US
=949  \\$a2016-09-13
=952  \\$a20100428 20100501 00000000$bIND GAY 2010/04/26
=961  \\$aUSDA/ARS
=974  \\$aagid:41011
=984  \\$a2010-05-01
=985  \\$aConverted from MARCXML to MODS version 3.4 using MARC21slim2MODS3-4.xsl (Revision 1.95 2014/04/23)
=986  \\$a4219181

