=LDR  02156nab a2200685 u 4500
=001  9916032531807426
=005  20221122122218.0
=008  100423|xx\|||||||||||||||||eng||
=016  7\$aIND44358139$2DNAL
=024  7\$a10113/41039$2hdl
=035  \\$aagid:41039-01nal_inst
=040  \\$aAGL$beng$cAGL
=072  \0$aB200
=072  \0$aW000
=072  \0$aJ100
=072  \0$aJ200
=072  \0$aJ700
=100  1\$aSchepers, James
=245  10$aSoils and waste management: a challenge to climate change
=500  \\$aIncludes references
=500  \\$a2019-12-05
=593  \\$aPubAg article
=594  \\$aEmbargoed article
=650  \3$agreenhouse gases
=650  \3$acarbon dioxide
=650  \3$aagricultural soils
=650  \3$aanimal manures
=650  \3$acrop residue management
=650  \3$atillage
=650  \3$afood processing wastes
=650  \3$acrop residues
=650  \3$aanimal manure management
=650  \3$amethane
=650  \3$aclimate change
=650  \3$asoil respiration
=650  \3$agas emissions
=650  \3$anitrous oxide
=653  \0$asoil management
=653  \0$aagricultural wastes
=700  1\$aLynch, J.
=773  0\$tForestry and climate change / edited by Peter H. Freer-Smith, Mark S.J. Broadmeadow and Jim M. Lynch.$dCABI Pub., c2007.$7nnas
=787  1\$oproduct_pubag
=787  1\$oislandora_article_repository
=852  \\$aDNAL
=856  40$uhttps://handle.nal.usda.gov/10113/41039$3Available in the National Agricultural Library PubAg search system
=912  \\$aArticle
=914  \\$fForestry and climate change / edited by Peter H. Freer-Smith, Mark S.J. Broadmeadow and Jim M. Lynch
=917  \\$aissued
=930  \\$a20100429$b20100501$c00000000
=935  \\$aIND44358139$9ExL
=945  \\$aIND$dLYN$e2010/04/26
=946  \\$aNon-US
=949  \\$a2014-07-17
=952  \\$a20100429 20100501 00000000$bIND LYN 2010/04/26
=961  \\$aUSDA/ARS
=974  \\$aagid:41039
=979  \\$aMissing Issue date
=984  \\$a2010-05-01
=985  \\$aConverted from MARCXML to MODS version 3.4 using MARC21slim2MODS3-4.xsl (Revision 1.95 2014/04/23)
=986  \\$a4358139

