=LDR  04283nab a2200625 u 4500
=001  9916032865507426
=005  20221121190616.0
=008  180102e201701\\xx\|||||o|||||||||||eng||
=016  7\$aIND605877576$2DNAL
=024  7\$a10.1111/jvs.12471$2doi
=035  \\$aagid:5877576-01nal_inst
=040  \\$aAGL$beng$cAGL
=100  1\$aCurzon, Miranda T.$eauthor$uDepartment of Forest Resources, University of Minnesota, 1530 Cleveland Avenue North, Saint Paul, MN, 55108, USA
=245  10$aSuccession, climate and neighbourhood dynamics influence tree growth over time: an 87‐year record of change in a Pinus resinosa‐dominated forest, Minnesota, USA
=300  \\$ap. 82-92.
=500  \\$aJOURNAL ARTICLE
=520  \\$aQUESTION: Resource availability and its influence on tree‐to‐tree interactions are expected to change over the course of forest stand development, but the rarity of long‐term data sets has limited examinations of neighbourhood crowding over extended time periods. How do a history of neighbourhood interactions and population‐level dynamics, including demographic transition, impact long‐term tree growth? LOCATION: Natural mature Pinus resinosa‐dominated forest in northern Minnesota, USA. METHODS: Using a spatially explicit data set of repeated diameter measurements recorded over an 87‐yr period, we modelled the influence of tree‐to‐tree interactions on growth as it varied over time. We also applied maximum likelihood estimation and simulated annealing to examine how inter‐ and intraspecific competition and the relative importance of neighbour size and distance varied over time and with different climatic conditions. RESULTS: Crowding had a consistent negative influence on growth, but crowding intensity and importance were dynamic over time and differed between trees that survived the entire study period compared to those that ultimately died. The scaling of neighbour diameter, neighbour distance, and neighbour species (inter‐ vs intraspecific competition) also varied as demographic transition occurred and longer‐lived species assumed greater dominance. CONCLUSIONS: Given observed relationships with moisture stress (based on precipitation: potential evapotranspiration) and maximum temperature, crowding intensity and importance may increase if temperatures rise in the future and water become more limiting. Long‐term data sets, such as the record examined in this study, have immense value for testing assumptions about stand dynamics, particularly as forests respond to projected shifts in climate and disturbance regimes.
=592  \\$aPublisher supplied data
=593  \\$aPubAg article
=650  \3$aPinus
=650  \3$aclimatic factors
=650  \3$adata collection
=650  \3$aevapotranspiration
=650  \3$aforest stands
=650  \3$aforests
=650  \3$aintraspecific competition
=650  \3$astand development
=650  \3$astatistical analysis
=650  \3$atemperature
=650  \3$atree growth
=650  \3$atrees
=651  \3$aMinnesota
=700  1\$aD'Amato, Anthony W.$eauthor
=700  1\$aFraver, Shawn$eauthor$uSchool of Forest Resources, University of Maine, Orono, ME, 04469, USA
=700  1\$aHuff, Emily S.$eauthor$uDepartment of Forestry, Michigan State University, 480 Wilson Road, East Lansing, MI 48824, USA
=700  1\$aPalik, Brian J.$eauthor$uUSDA Forest Service, Northern Research Station, 1831 Hwy 169 E, Grand Rapids, MN, 55744, USA
=773  0\$tJournal of vegetation science.$g2017 Jan., v. 28, no. 1 p.82-92$dJohn Wiley & Sons, Ltd$wJournal:jnl46820$x1100-9233$7nnas
=787  1\$oislandora_article_repository
=787  1\$oproduct_pubag
=787  1\$o(Journal)jnl46820
=856  40$uhttp://dx.doi.org/10.1111/jvs.12471$3Available from publisher's site
=912  \\$aArticle
=914  \\$aJournal:jnl46820$b1100-9233$c28$d1$e82
=914  \\$fJournal of vegetation science
=916  \\$aBatch:1909
=917  \\$aissued
=918  2\$aJohn Wiley & Sons, Inc$eprovider$5DNAL
=935  \\$aIND605877576$9ExL
=949  \\$a2018-03-01
=953  \\$a11009233_2017_28_1.xml
=961  \\$aUSDA/FS
=962  \\$aBatch:1909 reviewed on 2018-03-01T15:00:03Z
=974  \\$aagid:5877576
=983  \\$a2018-01-02
=984  \\$a2018-03-01

