=LDR  01633nab a2200481 u 4500
=001  9916035069207426
=005  20221120154638.0
=008  100316e201003\\xx\|||||o|||||||||||eng||
=016  7\$aIND44340496$2DNAL
=024  7\$a10113/39808$2hdl
=035  \\$aagid:39808-01nal_inst
=040  \\$aAGL$beng$cAGL
=072  \0$aB200
=072  \0$aJ700
=100  1\$aWeinberg, Marca
=245  10$aMitigating Climate Change: Opportunities for Farmers
=300  \\$ap. 10.
=593  \\$aPubAg article
=594  \\$aEmbargoed article
=650  \3$aclimate change
=650  \3$asustainable agriculture
=650  \3$agreenhouse gases
=650  \3$afarmers' attitudes
=700  1\$aHorowitz, John
=773  0\$tAmber waves : the economics of food, farming, natural resources, and rural America.$g2010 Mar., v.  8, no.  1 p.10-10$x1545-875X$7nnas
=787  1\$oproduct_pubag
=787  1\$oislandora_article_repository
=852  \\$aDNAL
=856  40$uhttps://handle.nal.usda.gov/10113/39808$3Available in the National Agricultural Library PubAg search system
=912  \\$aArticle
=914  \\$fAmber waves : the economics of food, farming, natural resources, and rural America
=917  \\$aissued
=930  \\$a20100330$b20100403$c00000000
=935  \\$aIND44340496$9ExL
=945  \\$aIND$dMWL$e2010/03/29
=946  \\$aUSDA
=949  \\$a2014-07-17
=952  \\$a20100330 20100403 00000000$bIND MWL 2010/03/29
=961  \\$aUSDA/ERS
=974  \\$aagid:39808
=984  \\$a2010-04-03
=985  \\$aConverted from MARCXML to MODS version 3.4 using MARC21slim2MODS3-4.xsl (Revision 1.95 2014/04/23)
=986  \\$a4340496

