=LDR  05072nab a2200829 u 4500
=001  9916037545707426
=005  20221120042138.0
=008  190403e20140901xx\|||||o|||||||||||eng||
=016  7\$aIND605425159$2DNAL
=024  7\$a10.1016/j.foreco.2013.09.049$2doi
=035  \\$aagid:5425159-01nal_inst
=040  \\$aAGL$beng$cAGL
=100  1\$aClark, Kenneth L.$eauthor$uSilas Little Experimental Forest, Northern Research Station, USDA Forest Service, 501 Four Mile Road, P.O. Box 232, New Lisbon, NJ 08064, USA
=245  10$aClimate change and fire management in the mid-Atlantic region
=300  \\$ap. 306-315.
=520  \\$aIn this review, we summarize the potential impacts of climate change on wildfire activity in the mid-Atlantic region, and then consider how the beneficial uses of prescribed fire could conflict with mitigation needs for climate change, focusing on patters of carbon (C) sequestration by forests in the region. We use a synthesis of field studies, eddy flux tower measurements, and simulation studies to evaluate how the use of prescribed fire affects short- and long-term forest C dynamics. Climate change may create weather conditions more conducive to wildfire activity, but successional changes in forest composition, altered gap dynamics, reduced understory and forest floor fuels, and fire suppression will likely continue to limit wildfire occurrence and severity throughout the region. Prescribed burning is the only major viable option that land managers have for reducing hazardous fuels in a cost-effective manner, or ensuring the regeneration and maintenance of fire-dependent species. Field measurements and model simulations indicate that consumption of fine fuels on the forest floor and understory vegetation during most prescribed burns is equivalent to <1-3years of sequestered C, and depends on pre-burn fuel loading and burn intensity. Overstory tree mortality is typically low, and stands have somewhat reduced daytime C uptake during the next growing season following burns, but may also have reduced rates of ecosystem respiration. On an annual basis, net ecosystem productivity is negative the first year when consumption losses are included, but then positive in following years, and stands can reach C neutrality within <2-3years. Field data and model simulations suggest that increases in prescribed burning in fire-prone areas would have little appreciable effect on long-term forest C dynamics in some fire-prone forest types. Large-scale conversion to young pine plantations for fiber and biofuels will potentially increase the risk of wildfires, as had occurred previously in the late-19th and early-20th centuries in the region.
=592  \\$aPublisher supplied data
=593  \\$aPubAg article
=650  \3$abiofuels
=650  \3$acarbon
=650  \3$aclimate change
=650  \3$acost effectiveness
=650  \3$aecosystem respiration
=650  \3$aeddy covariance
=650  \3$afield experimentation
=650  \3$afire suppression
=650  \3$aforest litter
=650  \3$aforest types
=650  \3$afuel loading
=650  \3$afuels (fire ecology)
=650  \3$agrowing season
=650  \3$along term effects
=650  \3$amanagers
=650  \3$anet ecosystem production
=650  \3$aoverstory
=650  \3$aplantations
=650  \3$aprescribed burning
=650  \3$arisk
=650  \3$asimulation models
=650  \3$atree mortality
=650  \3$aunderstory
=650  \3$aweather
=650  \3$awildfires
=651  \3$aMid-Atlantic region
=653  \0$aForest composition
=653  \0$aWildfire
=653  \0$aPrescribed burns
=653  \0$aCarbon sequestration
=653  \0$aMitigation
=700  1\$aSkowronski, Nicholas$eauthor$uNorthern Research Station, USDA Forest Service, 180 Canfield St., Morgantown, WV 26505, USA
=700  1\$aRenninger, Heidi$eauthor$uRutgers University, Department of Biological Sciences, 195 University Ave., Newark, NJ 07102, USA
=700  1\$aScheller, Robert$eauthor$uDepartment of Environmental Sciences and Management, Portland State University, P.O. Box 751, Portland, OR 97207, USA
=773  0\$tForest ecology and management.$g2014 Sept. 01, v. 327 p.306-315$dElsevier B.V.$wJournal:jnl9013$x0378-1127$7nnas
=787  1\$oislandora_article_repository
=787  1\$oproduct_pubag
=787  1\$o(Journal)jnl9013
=856  40$uhttps://dx.doi.org/10.1016/j.foreco.2013.09.049$3Available from publisher's site
=912  \\$aArticle
=914  \\$aJournal:jnl9013$b0378-1127$c327$e306
=914  \\$fForest ecology and management
=916  \\$aBatch:1428
=917  \\$aissued
=918  2\$aElsevier Consyn$eprovider$5DNAL
=935  \\$aIND605425159$9ExL
=949  \\$a2019-04-03
=953  \\$a/data/metadata/incoming/consyn-backfiles/46-2-00064-HEAD-ONLY.zip
=954  \\$afile:/data/metadata/staging/consyn-backfiles/S0378112713006634.xml
=955  \\$a/data/metadata/staging/consyn-backfiles/
=961  \\$aUSDA/FS
=974  \\$aagid:5425159
=983  \\$a2019-04-03
=984  \\$a2019-04-03

