=LDR  05083nab a2200709 u 4500
=001  9916038061507426
=005  20221214225008.0
=008  200508s2020\\\\xx\|||||o|||||||||||eng||
=016  7\$aIND606896875$2DNAL
=024  7\$a10113/6896875$2hdl
=024  7\$a367492$2aris
=024  7\$a10.3390/agronomy10030442$2doi
=024  7\$a432310$2aris_accn_no
=024  7\$a3098-13610-008-00D$2aris_project_no
=024  7\$a367492$2seq_no_115
=035  \\$aagid:6896875-01nal_inst
=040  \\$aAGL$beng$cAGL
=100  1\$aBaez-Gonzalez, Alma Delia$eauthor$uPabellon Research Station, National Institute of Forestry, Agriculture and Livestock Research, km. 32.5 Carretera Aguascalientes-Zacatecas, 20670 Aguascalientes, Mexico
=245  10$aHigh sowing densities in rainfed common beans (Phaseolus vulgaris L.)in Mexican semi-arid highlands under future climate change
=300  \\$ap. 442-19.
=506  \\$aWorks produced by employees of the U.S. Government as part of their official duties are not copyrighted within the U.S. The content of this document is not copyrighted.
=520  \\$aMexico holds the largest single bean production area in the world that is vulnerable to drought. Using field data and two future climate scenarios (RCP4.5 and RCP8.5) for the period 2020-2039, this study evaluated three common bean (Phaseolus vulgaris L.) cultivars planted under rainfed conditions at different densities in two locations in the north-central Mexican semi-arid temperate highlands. The sowing densities were 90,000, 145,000, and 260,000 plants ha-1 established in single rows (SR), three rows (3R), and six rows (6R), respectively. The climate change scenarios were derived from an assembly model integrating 11 general circulation models (GCM) selected for Mexico with a 30" arc resolution. The baseline climate was for the period 1961-2010. The ALMANACMEX model (USDA-ARS-INIFAP, Temple, USA) was parameterized and evaluated and then re-run using the climate scenarios. Beans planted at 6R showed the highest increase in seed yield in both climate scenarios, although the response varied by cultivar and time periods. For the growth habit III cultivars, Flor de Mayo Bajio showed no difference in yield, while Pinto Saltillo, a drought-resistant cultivar, showed increases of 13% to 16% at 6R only until 2033. Growth habit I cultivar Azufrado 2 showed more than 60% increases at 6R in both climate scenarios for the full period 2020-2039. These results suggest that considering the projected climate conditions, high sowing densities may be a viable agronomic option for common bean production under rainfed conditions in semi-arid temperate regions, such as the highlands of Mexico, in the near future; however, the selection of the cultivar is a key element to consider in this regard.
=593  \\$aPubAg article
=593  \\$cUSDA submission
=595  \\$a508$bksichelm$c2020-04-29$damanda.xu$e2020-04-30
=593  \\$eARIS manuscript
=650  \3$aPhaseolus vulgaris
=650  \3$aagronomy
=650  \3$abeans
=650  \3$aclimate change
=650  \3$acultivars
=650  \3$adrought
=650  \3$adrought tolerance
=650  \3$agrowth habit
=650  \3$aseed yield
=651  \3$aMexico
=700  1\$aFajardo-Diaz, Ricardo$eauthor$uAutonomous University of Aguascalientes, Basic Sciences Center, Av. Universidad 940, 20130 Aguascalientes, Mexico
=700  1\$aGarcia-Romero, Giovanni$eauthor$uEnvironment Department, Av. Miguel Hidalgo y Costilla 426, 44100 Guadalajara, Mexico
=700  1\$aOsuna-Ceja, Esteban$eauthor$uPabellon Research Station, National Institute of Forestry, Agriculture and Livestock Research, km. 32.5 Carretera Aguascalientes-Zacatecas, 20670 Aguascalientes, Mexico
=700  1\$aKiniry, James R.$eauthor$uUSDA, Agricultural Research Service, Grassland Soil and Water Research Laboratory, 808 E. Blackland Rd., Temple, TX 76502, USA$1https://orcid.org/0000-0002-7175-7807
=700  1\$aMeki, Manyowa N.$eauthor$uTexas A&M AgriLife Research, Blackland Research and Extension Center, 720 E. Blackland Rd., Temple, TX 76502, USA
=773  0\$tAgronomy.$g2020, v. 10, no. 3 p.442-19$wJournal:12361$x2073-4395$7nnas
=787  1\$oislandora_article_repository
=787  1\$oproduct_pubag
=787  1\$o(Journal)12361
=856  40$uhttps://handle.nal.usda.gov/10113/6896875$3Available in the National Agricultural Library PubAg search system
=856  40$uhttp://dx.doi.org/10.3390/agronomy10030442$3Available from publisher's Web site
=912  \\$aArticle
=914  \\$aJournal:12361$b2073-4395$c10$d3$e442
=914  \\$fAgronomy
=916  \\$aBatch:10183
=917  \\$aissued
=935  \\$aIND606896875$9ExL
=949  \\$a2022-02-11
=952  \\$dNAL-AP-2-clean
=956  \\$aARIS submission$bhttps://submit.nal.usda.gov/system/files/submissions/Baez-Gonzalez%20et%20al%202020%20agronomy-10-00442.pdf
=961  \\$aUSDA$bUSDA
=962  \\$aUSDA Scientist Submission; eISSN 2073-4395
=974  \\$aagid:6896875
=983  \\$a2020-05-08
=984  \\$a2022-02-11
=986  \\$ans18364

