=LDR  06135nab a2200889 u 4500
=001  9916047281807426
=005  20221214230208.0
=008  190318e201811\\xx\|||||o|||||||||||eng||
=016  7\$aIND606226326$2DNAL
=024  7\$a354199$2aris
=024  7\$a10113/6226326$2hdl
=024  7\$a10.1016/j.jhydrol.2018.08.051$2doi
=024  8\$ans16641
=035  \\$aagid:6226326-01nal_inst
=040  \\$aAGL$beng$cAGL
=100  1\$aRoy, Tirthankar$eauthor$uHydrology and Atmospheric Sciences, The University of Arizona, Tucson, United States$1https://orcid.org/0000-0003-3051-1058
=245  10$aAssessing hydrological impacts of short-term climate change in the Mara River basin of East Africa
=300  \\$ap. 818-829.
=506  \\$aWorks produced by employees of the U.S. Government as part of their official duties are not copyrighted within the U.S. The content of this document is not copyrighted.
=520  \\$aWe assess the impacts of a range of short-term climate change scenarios (2020-2050) on the hydrology of the Mara River Basin in East Africa using a new high-resolution (0.25°) daily climate dataset. The scenarios combine natural climate variability, as captured by a vector autoregressive (VAR) model, with a range of climate trends calculated from 31 models in the Coupled Model Intercomparison Project Phase 5 (CMIP5). The methodology translates these climate scenarios into plausible daily sequences of climate variables utilizing the Agricultural Modern-Era Retrospective Analysis for Research and Applications (AgMERRA) dataset. The new dataset (VARAG) has several advantages over traditional general circulation model outputs, such as, the statistical representation of short-term natural climate variability, availability at a daily time scale and high spatial resolution, not requiring additional downscaling, and the use of the AgMERRA data which is bias-corrected extensively. To assess the associated impacts on basin hydrology, the semi-distributed Variable Infiltration Capacity (VIC) land-surface model is forced with the climate scenarios, after being calibrated for the study area using the fine-resolution (0.05°) merged satellite and in-situ observation-based dataset, Climate Hazards Group InfraRed Precipitation with Station data (CHIRPS). The climate data are further bias-corrected by applying a non-parametric quantile mapping scheme, where the cumulative distribution functions are approximated using kernel densities. Three different wetness scenarios (dry, average, and wet) are analyzed to see the potential short-term changes in the basin. We find that the precipitation bias correction is more in effect in the mountainous sub-basins, one of which also shows the maximum difference between the wet and dry scenario streamflows. Precipitation, evapotranspiration, and soil moisture show increasing trends mostly during the primary rainy season, while no trend is found in the corresponding streamflows. The annual values of these variables also do not change much in the coming three decades. The methodology implemented in this study provides a reliable range of possibilities which can greatly benefit risk analysis and infrastructure designing, and shows potential to be applied to other basins.
=592  \\$aPublisher supplied data
=593  \\$aPubAg article
=593  \\$eARIS manuscript
=650  \3$aGeneral Circulation Models
=650  \3$abasins
=650  \3$aclimate change
=650  \3$aclimatic factors
=650  \3$acumulative distribution
=650  \3$adata collection
=650  \3$aevapotranspiration
=650  \3$ainfrastructure
=650  \3$ameteorological data
=650  \3$amountains
=650  \3$aretrospective studies
=650  \3$asatellites
=650  \3$asoil water
=650  \3$astream flow
=650  \3$awatersheds
=650  \3$awet season
=651  \3$aEastern Africa
=653  \0$aShort-term climate change impacts
=653  \0$aVARAG data
=653  \0$aNatural climate variability
=653  \0$aBias correction
=653  \0$aVIC model
=653  \0$aMara River basin
=700  1\$aValdés, Juan B.$eauthor$uHydrology and Atmospheric Sciences, The University of Arizona, Tucson, United States
=700  1\$aLyon, Bradfield$eauthor$uClimate Change Institute, The University of Maine, Orono, United States
=700  1\$aDemaria, Eleonora M.C.$eauthor$uUSDA Agricultural Research Service, Tucson, United States
=700  1\$aSerrat-Capdevila, Aleix$eauthor$uWater Global Practice, The World Bank, Washington, DC, United States
=700  1\$aGupta, Hoshin V.$eauthor$uHydrology and Atmospheric Sciences, The University of Arizona, Tucson, United States
=700  1\$aValdés-Pineda, Rodrigo$eauthor$uHydrology and Atmospheric Sciences, The University of Arizona, Tucson, United States
=700  1\$aDurcik, Matej$eauthor$uBiosphere 2, The University of Arizona, Tucson, United States$1https://orcid.org/0000-0003-1693-6252
=773  0\$tJournal of hydrology.$g2018 Nov., v. 566 p.818-829$dElsevier B.V.$aElsevier B.V.$wJournal:jnl46539$x0022-1694$7nnas
=787  1\$oislandora_article_repository
=787  1\$oproduct_pubag
=787  1\$o(Journal)jnl46539
=856  40$uhttps://dx.doi.org/10.1016/j.jhydrol.2018.08.051$3Available from publisher's site
=856  40$uhttps://handle.nal.usda.gov/10113/6226326$3Available in the National Agricultural Library PubAg search system
=912  \\$aArticle
=914  \\$aJournal:jnl46539$b0022-1694$c566$e818
=914  \\$fJournal of hydrology
=916  \\$aBatch:2122
=917  \\$aissued
=918  2\$aElsevier Consyn$eprovider$5DNAL
=935  \\$aIND606226326$9ExL
=949  \\$a2019-06-18
=953  \\$a/data/metadata/incoming/consyn/46-2-00010-HEAD-ONLY.zip
=954  \\$afile:/data/metadata/staging/consyn/S0022169418306474.xml
=955  \\$a/data/metadata/staging/consyn/
=956  \\$aARIS submission$bhttps://submit.nal.usda.gov/system/files/submissions/2482.pdf
=961  \\$aUSDA/ARS
=962  \\$aUSDA Scientist Submission
=974  \\$aagid:6226326
=983  \\$a2019-03-18
=984  \\$a2019-06-18
=986  \\$ans16641

