=LDR  06491nab a2200877 u 4500
=001  9916047628907426
=005  20221120120421.0
=008  160328e201205\\xx\|||||o|||||||||||eng||
=016  7\$aIND605171252$2DNAL
=024  7\$a10.4141/cjps2011-192$2doi
=035  \\$aagid:5171252-01nal_inst
=040  \\$aAGL$beng$cAGL
=100  1\$aWang, Hong$eauthor$uSemiarid Prairie Agricultural Research Centre, Agriculture and Agri-Food Canada, Box 1030, Swift Current, Saskatchewan, Canada S9H 3X2
=245  10$aShort Communication: Climate change and biofuel wheat: A case study of southern Saskatchewan
=300  \\$ap. 421-425.
=520  \\$aWang, H., He, Y., Qian, B., McConkey, B., Cutforth, H., McCaig, T., McLeod, G., Zentner, R., DePauw, R., Lemke, R., Brandt, K., Liu, T., Qin, X., White, J., Hunt, T. and Hoogenboom, G. 2012. Short Communication: Climate change and biofuel wheat: A case study of southern Saskatchewan. Can. J. Plant Sci. 92: 421-425. This study assessed potential impacts of climate change on wheat production as a biofuel crop in southern Saskatchewan, Canada. The Decision Support System for Agrotechnology Transfer-Cropping System Model (DSSAT-CSM) was used to simulate biomass and grain yield under three climate change scenarios (CGCM3 with the forcing scenarios of IPCC SRES A1B, A2 and B1) in the 2050s. Synthetic 300-yr weather data were generated by the AAFC stochastic weather generator for the baseline period (1961-1990) and each scenario. Compared with the baseline, precipitation is projected to increase in every month under all three scenarios except in July and August and in June for A2, when it is projected to decrease. Annual mean air temperature is projected to increase by 3.2, 3.6 and 2.7°C for A1B, A2 and B1, respectively. The model predicted increases in biomass by 28, 12 and 16% without the direct effect of CO₂ and 74, 55 and 41% with combined effects (climate and CO₂) for A1B, A2 and B1, respectively. Similar increases were found for grain yield. However, the occurrence of heat shock (>32°C) will increase during grain filling under the projected climate conditions and could cause severe yield reduction, which was not simulated by DSSAT-CSM. This implies that the future yield under climate scenarios might have been overestimated by DSSAT-CSM; therefore, model modification is required. Several measures, such as early seeding, must be taken to avoid heat damages and take the advantage of projected increases in temperature and precipitation in the early season.
=592  \\$aPublisher supplied data
=593  \\$aPubAg article
=650  \3$aair temperature
=650  \3$abiofuels
=650  \3$abiomass
=650  \3$acarbon dioxide
=650  \3$acase studies
=650  \3$aclimate
=650  \3$aclimate change
=650  \3$aclimate models
=650  \3$adecision support systems
=650  \3$aenergy crops
=650  \3$afilling period
=650  \3$agrain yield
=650  \3$aheat
=650  \3$aheat stress
=650  \3$ameteorological data
=650  \3$asowing
=650  \3$awheat
=651  \3$aSaskatchewan
=653  \0$aClimate change
=653  \0$awheat
=653  \0$abiofuel crop
=653  \0$aheat shock
=653  \0$aseeding date
=700  1\$aHe, Yong$eauthor$uSemiarid Prairie Agricultural Research Centre, Agriculture and Agri-Food Canada, Box 1030, Swift Current, Saskatchewan, Canada S9H 3X2
=700  1\$aQian, Budong$eauthor$uEastern Cereal and Oilseed Research Centre, Agriculture and Agri-Food Canada, Ottawa, Ontario, Canada K1A 0C6
=700  1\$aMcConkey, Brian$eauthor$uSemiarid Prairie Agricultural Research Centre, Agriculture and Agri-Food Canada, Box 1030, Swift Current, Saskatchewan, Canada S9H 3X2
=700  1\$aCutforth, Herb$eauthor$uSemiarid Prairie Agricultural Research Centre, Agriculture and Agri-Food Canada, Box 1030, Swift Current, Saskatchewan, Canada S9H 3X2
=700  1\$aMcCaig, Tom$eauthor$uSemiarid Prairie Agricultural Research Centre, Agriculture and Agri-Food Canada, Box 1030, Swift Current, Saskatchewan, Canada S9H 3X2
=700  1\$aMcLeod, Grant$eauthor$uSemiarid Prairie Agricultural Research Centre, Agriculture and Agri-Food Canada, Box 1030, Swift Current, Saskatchewan, Canada S9H 3X2
=700  1\$aZentner, Robert$eauthor$uSemiarid Prairie Agricultural Research Centre, Agriculture and Agri-Food Canada, Box 1030, Swift Current, Saskatchewan, Canada S9H 3X2
=700  1\$aDePauw, Ron$eauthor$uSemiarid Prairie Agricultural Research Centre, Agriculture and Agri-Food Canada, Box 1030, Swift Current, Saskatchewan, Canada S9H 3X2
=700  1\$aLemke, Reynald$eauthor$uSaskatoon Research Centre, Agriculture and Agri-Food Canada, Saskatoon, Saskatchewan, Canada S7N 5A8
=700  1\$aBrandt, Kelsey$eauthor$uSemiarid Prairie Agricultural Research Centre, Agriculture and Agri-Food Canada, Box 1030, Swift Current, Saskatchewan, Canada S9H 3X2
=700  1\$aLiu, Tingting$eauthor$uSemiarid Prairie Agricultural Research Centre, Agriculture and Agri-Food Canada, Box 1030, Swift Current, Saskatchewan, Canada S9H 3X2
=700  1\$aQin, Xiaobo$eauthor$uInstitute of Agro-Environment and Sustainable Development, Chinese Academy of Agriculture Sciences/The Key Laboratory for Agro-Environment and Climate Change, Ministry of Agriculture, Beijing, 100081, China
=700  1\$aWhite, Jeffrey$eauthor$uUSDA ARS, ALARC, 21881 N Cardon Lane, Maricopa, AZ 85138, USA
=700  1\$aHunt, Tony$eauthor$uUniversity of Guelph, Guelph, Ontario, Canada N1G 2W1
=700  1\$aHoogenboom, Gerrit$eauthor$uWashington State University, 24106 North Bunn Road, Prosser, Washington 99350-8694, USA
=773  0\$tCanadian journal of plant science.$g2012 May, v. 92, no. 3 p.421-425$dAgricultural Institute of Canada$x1918-1833$7nnas
=787  1\$oislandora_article_repository
=787  1\$oproduct_pubag
=787  1\$o(Journal)1933
=856  40$uhttp://dx.doi.org/10.4141/cjps2011-192$3Available from publisher's site
=912  \\$aArticle
=914  \\$aJournal:1933$b1918-1833$c92$d3$e421
=914  \\$fCanadian journal of plant science
=916  \\$aBatch:1389
=917  \\$aissued
=918  2\$aNRC Canada$eprovider$5DNAL
=935  \\$aIND605171252$9ExL
=949  \\$a2016-08-22
=953  \\$aCJPSv92i3-04170743-212210.zip
=961  \\$aUSDA/ARS
=962  \\$aBatch:1389 reviewed on 2016-08-22T13:00:02Z
=962  \\$aNo DOI
=974  \\$aagid:5171252
=983  \\$a2016-03-28
=984  \\$a2017-02-06

