=LDR  07179nab a2200877 u 4500
=001  9916054505707426
=005  20221120212242.0
=008  220831e202205\\xx\|||||o|||||||||||eng||
=016  7\$aIND607788701$2DNAL
=024  7\$a10.1007/s10584-022-03375-2$2doi
=035  \\$aagid:7788701-01nal_inst
=040  \\$aAGL$beng$cAGL
=100  1\$aWang, Enli$eauthor$uCSIRO Agriculture and Food, GPO Box 1700, Canberra, ACT, 2601, Australia. Enli.Wang@csiro.au$1https://orcid.org/0000-0002-6653-5791
=245  10$aHow reliable are current crop models for simulating growth and seed yield of canola across global sites and under future climate change?
=300  \\$ap. 20.
=520  \\$aTo better understand how climate change might influence global canola production, scientists from six countries have completed the first inter-comparison of eight crop models for simulating growth and seed yield of canola, based on experimental data from six sites across five countries. A sensitivity analysis was conducted with a combination of five levels of atmospheric CO₂ concentrations, seven temperature changes, five precipitation changes, together with five nitrogen application rates. Our results were in several aspects different from those of previous model inter-comparison studies for wheat, maize, rice, and potato crops. A partial model calibration only on phenology led to very poor simulation of aboveground biomass and seed yield of canola, even from the ensemble median or mean. A full calibration with additional data of leaf area index, biomass, and yield from one treatment at each site reduced simulation error of seed yield from 43.8 to 18.0%, but the uncertainty in simulation results remained large. Such calibration (with data from one treatment) was not able to constrain model parameters to reduce simulation uncertainty across the wide range of environments. Using a multi-model ensemble mean or median reduced the uncertainty of yield simulations, but the simulation error remained much larger than observation errors, indicating no guarantee that the ensemble mean/median would predict the correct responses. Using multi-model ensemble median, canola yield was projected to decline with rising temperature (2.5-5.7% per °C), but to increase with increasing CO₂ concentration (4.6-8.3% per 100-ppm), rainfall (2.1-6.1% per 10% increase), and nitrogen rates (1.3-6.0% per 10% increase) depending on locations. Due to the large uncertainty, these results need to be treated with caution. We further discuss the need to collect new data to improve modelling of several key physiological processes of canola for increased confidence in future climate impact assessments.
=592  \\$aPublisher supplied data
=593  \\$aPubAg article
=596  \\$a41905103$cNatural Science Foundation of China
=596  \\$a01LL1304A$cGerman Federal Ministry of Education 544 and Research
=596  \\$a2007-2013 ESF POR SARDINIA (7/2007RL$cScientific Research the German Federal Ministry of Economic Cooperation and Technological Innovation Promotion in Sardinia
=596  \\$a2007-2013 ESF POR SARDINIA (7/2007RL$cScientific Research the German Federal Ministry of Economic Cooperation and Technological Innovation Promotion in Sardinia
=650  \3$aaboveground biomass
=650  \3$acanola
=650  \3$acarbon dioxide
=650  \3$aclimate
=650  \3$aclimate change
=650  \3$acorn
=650  \3$aleaf area index
=650  \3$anitrogen
=650  \3$aphenology
=650  \3$apotatoes
=650  \3$arain
=650  \3$arice
=650  \3$aseed yield
=650  \3$atemperature
=650  \3$auncertainty
=650  \3$awheat
=700  1\$aHe, Di$eauthor$uCSIRO Agriculture and Food, GPO Box 1700, Canberra, ACT, 2601, Australia. Di.He@csiro.au
=700  1\$aWang, Jing$eauthor$uCollege of Resources and Environmental Sciences, China Agricultural University, Beijing, 100193, China. Wangj@cau.edu.cn
=700  1\$aLilley, Julianne M.$eauthor$uCSIRO Agriculture and Food, GPO Box 1700, Canberra, ACT, 2601, Australia
=700  1\$aChristy, Brendan$eauthor$uDepartment of Jobs, Precincts and Regions Victoria, 124 Chiltern Valley Road, Rutherglen, VIC, 3685, Australia
=700  1\$aHoffmann, Munir P.$eauthor$uTropical Plant Production and Agricultural Systems Modelling (TROPAGS), University of Goettingen, Grisebachstraße 6, 37077, Goettingen, Germany
=700  1\$aO'Leary, Garry$eauthor$uDepartment of Jobs, Precincts and Regions Victoria, 124 Chiltern Valley Road, Rutherglen, VIC, 3685, Australia
=700  1\$aHatfield, Jerry L.$eauthor$uNational Laboratory for Agriculture and the Environment, USDA-ARS, 10151015 N. University Blvd., Ames, IA, 50011, USA
=700  1\$aLedda, Luigi$eauthor$uDepartment of Agricultural, Food and Environmental Sciences, Polytechnic University of Marche, Via Brecce Bianche 2-8, 60131, Ancona, Italy
=700  1\$aDeligios, Paola A.$eauthor$uDepartment of Agriculture, University of Sassari, Viale Italia, 39, 07100, Sassari, Italy
=700  1\$aGrant, Brian$eauthor$uOttawa Research and Development Centre, Agriculture and Agri-Food Canada, Ottawa, ON, K1A 0C6, Canada
=700  1\$aJing, Qi$eauthor$uOttawa Research and Development Centre, Agriculture and Agri-Food Canada, Ottawa, ON, K1A 0C6, Canada
=700  1\$aNendel, Claas$eauthor$uLeibniz Centre for Agricultural Landscape Research (ZALF), Eberswalder Straße 84, 15374, Muncheberg, Germany
=700  1\$aKage, Henning$eauthor$uInstitute for Crop Science and Plant Breeding, Kiel University, 24098, Kiel, Germany
=700  1\$aQian, Budong$eauthor$uOttawa Research and Development Centre, Agriculture and Agri-Food Canada, Ottawa, ON, K1A 0C6, Canada
=700  1\$aEyshi Rezaei, Ehsan$eauthor$uInstitute of Crop Science and Resource Conservation, University of Bonn, Katzenburgweg 5, 53115, Bonn, Germany
=700  1\$aSmith, Ward$eauthor$uOttawa Research and Development Centre, Agriculture and Agri-Food Canada, Ottawa, ON, K1A 0C6, Canada
=700  1\$aWeymann, Wiebke$eauthor$uInstitute for Crop Science and Plant Breeding, Kiel University, 24098, Kiel, Germany
=700  1\$aEwert, Frank$eauthor$uInstitute of Crop Science and Resource Conservation, University of Bonn, Katzenburgweg 5, 53115, Bonn, Germany
=773  0\$tClimatic change.$g2022 May, v. 172, no. 1-2 p.20-20$dSpringer Netherlands$wJournal:jnl8952$x0165-0009$7nnas
=787  1\$oislandora_article_repository
=787  1\$oproduct_pubag
=787  1\$o(Journal)jnl8952
=856  40$uhttps://dx.doi.org/10.1007/s10584-022-03375-2$3Available from publisher's site
=912  \\$aArticle
=914  \\$aJournal:jnl8952$b0165-0009$c172$d1-2$e20
=914  \\$fClimatic change
=916  \\$aBatch:10269
=917  \\$aissued
=918  2\$aSpringer$eprovider$5DNAL
=935  \\$aIND607788701$9ExL
=949  \\$a2022-05-31
=953  \\$a/data/metadata/incoming/springer/ftp_PUB_22-08-31_05-27-02.zip
=954  \\$afile:/data/metadata/staging/springer/10584-172-1-2.xml
=955  \\$a/data/metadata/staging/springer/
=961  \\$aUSDA/ARS
=974  \\$aagid:7788701
=983  \\$a2022-08-31
=984  \\$a2022-08-31

