=LDR  03849nab a2200649 u 4500
=001  9916057517007426
=005  20221120150650.0
=008  210708e202109\\xx\|||||o|||||||||||eng||
=016  7\$aIND607377780$2DNAL
=024  7\$a10.1016/j.renene.2021.05.001$2doi
=035  \\$aagid:7377780-01nal_inst
=040  \\$aAGL$beng$cAGL
=100  1\$aCostoya, X.$eauthor$uCRETUS Institute, Group of Nonlinear Physics, Faculty of Physics, University of Santiago de Compostela, 15782, Santiago de Compostela, Spain
=245  10$aClimate change impacts on the future offshore wind energy resource in China
=300  \\$ap. 731-747.
=520  \\$aChinese offshore wind energy sector is experiencing a rapid growth. It is expected that China will become the world leader in terms of installed offshore wind energy capacity in the upcoming years. A multi-model ensemble of eight simulations from CORDEX project was considered to evaluate future offshore wind energy projections along the Chinese coast under the RCP8.5 warming scenario. Furthermore, offshore wind energy resource was classified attending to the richness of the resource, stability of the resource, risk and economic factors. The reliability of the CORDEX multi-model ensemble was analyzed by comparing CORDEX wind speed with two different datasets: in-situ data from oceanic buoys and ERA5 database. A general wind power density decrease was observed for the near future and the far future. At seasonal scale, differences were found depending on the season. Thus, a clear reduction was projected during spring, whilst increases were observed in wide areas during winter or autumn. Regarding the classification of the future offshore wind energy resource for the upcoming decades, most of the Chinese coastal area was defined as good or excellent due to its high offshore wind energy richness that compensate the low values on stability of the resource and risk factor.
=592  \\$aPublisher supplied data
=593  \\$aPubAg article
=650  \3$aautumn
=650  \3$aclimate change
=650  \3$acoasts
=650  \3$adata collection
=650  \3$adatabases
=650  \3$aenergy industry
=650  \3$arisk factors
=650  \3$aspring
=650  \3$awind power
=650  \3$awind speed
=650  \3$awinter
=651  \3$aChina
=653  \0$aOffshore wind energy classification
=653  \0$aCORDEX
=700  1\$adeCastro, M.$eauthor$uEnvironmental Physics Laboratory (EphysLab), CIM-UVIGO, University of Vigo, Campus da Auga Building, 32004, Ourense, Spain
=700  1\$aCarvalho, D.$eauthor$uCESAM, Physics Department, University of Aveiro, 3810-193, Aveiro, Portugal
=700  1\$aFeng, Z.$eauthor$uCollege of Ocean & Earth Sciences, Xiamen University, Xiamen, Fujian, 361102, China
=700  1\$aGómez-Gesteira, M.$eauthor$uEnvironmental Physics Laboratory (EphysLab), CIM-UVIGO, University of Vigo, Campus da Auga Building, 32004, Ourense, Spain
=773  0\$tRenewable energy.$g2021 Sept., v. 175 p.731-747$dElsevier Ltd$wJournal:11970$x0960-1481$7nnas
=787  1\$oislandora_article_repository
=787  1\$oproduct_pubag
=787  1\$o(Journal)11970
=856  40$uhttps://dx.doi.org/10.1016/j.renene.2021.05.001$3Available from publisher's site
=912  \\$aArticle
=914  \\$aJournal:11970$b0960-1481
=914  \\$fRenewable energy
=916  \\$aBatch:10186
=917  \\$aissued
=918  2\$aElsevier Consyn$eprovider$5DNAL
=935  \\$aIND607377780$9ExL
=949  \\$a2022-02-22
=952  \\$dNAL-AP-2-clean
=953  \\$a/data/metadata/incoming/consyn/113833956452530444-00003-HEAD-ONLY-NEW CONSYN ISSNS.zip
=954  \\$afile:/data/metadata/staging/consyn/S0960148121006777.xml
=955  \\$a/data/metadata/staging/consyn/
=961  \\$aUSDA/DA
=974  \\$aagid:7377780
=983  \\$a2021-07-08
=984  \\$a2022-02-18

