=LDR  04767nab a2200685 u 4500
=001  9916057643307426
=005  20221121223829.0
=008  200509e20200615xx\|||||o|||||||||||eng||
=016  7\$aIND606898310$2DNAL
=024  7\$a10.1016/j.foreco.2020.118139$2doi
=035  \\$aagid:6898310-01nal_inst
=040  \\$aAGL$beng$cAGL
=100  1\$aLi, Wushuang$eauthor$uFaculty of Forestry and Environmental Management, University of New Brunswick, 28 Dineen Drive, Fredericton, NB E3B 5A3, Canada
=245  10$aEvaluating the potential of red spruce (Picea rubens Sarg.) to persist under climate change using historic provenance trials in eastern Canada
=520  \\$aRed spruce (Picea rubens Sarg.) is an important tree species in northeastern North America. The impact of climate change on this tree species is expected to vary regionally, but may be negative within Canada's eastern Acadian Forest Region as temperatures there are expected to rise by 2-6 °C by 2100 under the business-as-usual Representative Concentration Pathway (RCP) 8.5 climate forcing scenario. In this study, we use one series of historic provenance trials from northeastern North America to evaluate the capacity of red spruce to persist under climate change by analyzing measurements of tree height and diameter at breast height (DBH) in relation to differences between provenance origin climate and test site climate (i.e., climate differentials).Within the range of climate differentials tested, warming (i.e., when the test site was warmer than provenance origin) did not appear to have a deleterious effect on red spruce growth, but cooling (i.e., moving provenances to colder, more northerly sites) did negatively affect growth by reducing height and diameter. Indeed, warmer temperatures, relative to provenance origin, increased tree size, especially for the most northern provenances, suggesting red spruce at the northern extent of its geographical range in northeastern North America is currently cold suppressed and located in non-optimal climates. However, our capacity to test warming effects on more southerly provenances was limited in this study by lack of available test sites south of red spruce's climatic range. Among the eight climate variables tested, changes in frost free period and mean annual temperature had the most significant impact on tree size. In general, temperature-related climate variables had stronger effects than moisture-related variables. Overall, our results provide important insight for foresters when considering the future management of red spruce in the Acadian Forest Region and the selection of climate adapted seed source.
=592  \\$aPublisher supplied data
=593  \\$aPubAg article
=650  \3$aPicea rubens
=650  \3$aclimate change
=650  \3$aclimatic factors
=650  \3$acold
=650  \3$aforesters
=650  \3$aforests
=650  \3$afrost
=650  \3$aprovenance
=650  \3$aradiative forcing
=650  \3$atemperature
=650  \3$atree and stand measurements
=650  \3$atree height
=650  \3$atrees
=651  \3$aCanada
=653  \0$aRed spruce
=653  \0$aProvenance trials
=653  \0$aAcadian Forest Region
=653  \0$aPlasticity
=653  \0$aPrecipitation
=700  1\$aKershaw, John A.$eauthor$uFaculty of Forestry and Environmental Management, University of New Brunswick, 28 Dineen Drive, Fredericton, NB E3B 5A3, Canada
=700  1\$aCostanza, Kara K.L.$eauthor$uFaculty of Forestry and Environmental Management, University of New Brunswick, 28 Dineen Drive, Fredericton, NB E3B 5A3, Canada
=700  1\$aTaylor, Anthony R.$eauthor$uFaculty of Forestry and Environmental Management, University of New Brunswick, 28 Dineen Drive, Fredericton, NB E3B 5A3, Canada
=773  0\$tForest ecology and management.$g2020 June 15, v. 466 p.118139-$dElsevier B.V.$wJournal:jnl9013$x0378-1127$7nnas
=787  1\$oislandora_article_repository
=787  1\$oproduct_pubag
=787  1\$o(Journal)jnl9013
=856  40$uhttps://dx.doi.org/10.1016/j.foreco.2020.118139$3Available from publisher's site
=912  \\$aArticle
=914  \\$aJournal:jnl9013$b0378-1127$c466$e118139
=914  \\$fForest ecology and management
=916  \\$aBatch:2471
=917  \\$aissued
=918  2\$aElsevier Consyn$eprovider$5DNAL
=935  \\$aIND606898310$9ExL
=949  \\$a2020-05-22
=953  \\$a/data/metadata/incoming/consyn/109462204607484701-00003-HEAD-ONLY-NEW CONSYN ISSNS.zip
=954  \\$afile:/data/metadata/staging/consyn/S0378112720303753.xml
=955  \\$a/data/metadata/staging/consyn/
=961  \\$aUSDA/FS
=962  \\$aBatch:2471 reviewed on 2020-05-22T12:00:04Z
=974  \\$aagid:6898310
=983  \\$a2020-05-09
=984  \\$a2020-05-22

