=LDR  04419nab a2200697 u 4500
=001  9916059444907426
=005  20221215143106.0
=008  220829e202209\\xx\|||||o|||||||||||eng||
=016  7\$aIND607862906$2DNAL
=024  7\$a10.1016/j.jafr.2022.100348$2chorus
=024  7\$a10.1016/j.jafr.2022.100348$2doi
=035  \\$aagid:7862906-01nal_inst
=040  \\$aAGL$beng$cAGL
=100  1\$aSharma, Ramandeep Kumar$eauthor$uDepartment of Plant and Soil Sciences, Mississippi State University, Mississippi, USA
=245  10$aImpact of recent climate change on cotton and soybean yields in the southeastern United States
=506  \\$aCreative Commons Attribution 4.0 Generic (CC BY 4.0)$uhttp://creativecommons.org/licenses/by/4.0/
=506  \\$aResource is Open Access$uhttp://purl.org/eprint/accessRights/OpenAccess
=506  \\$aCHORUS License Information
=520  \\$aThe Southeastern region of the United States (SE-US) is agroecologically diverse, economically agriculture reliant, and distinct from the twentieth-century warming trend. Considering the inextricable link between climate and agricultural production, it is necessary to quantify future environmental implications on economically important crops of cotton (Gossypium hirsutum L.) and soybean [Glycine max (L.) Merr.] in the SE-US. The current study used the fixed-effect model (panel data approach) for climate and yield studies, to assess the impact of climatic variables from 1980 to 2020 such as daily maximum temperature (Tₘₐₓ), minimum temperatures (Tₘᵢₙ), and rainfall on cotton and soybean yields. The data from 11 states were averaged per growing season and results revealed significant variability in temperature and rainfall during the last four decades. The Tₘₐₓ, Tₘᵢₙ, and rainfall shifted in the range of 0.46-0.50 °C, 1.30-1.45 °C, and 3.74-3.95 cm, respectively, during the cotton growing season (CGS) and soybean growing seasons (SGS). However, the annual rate of change in Tₘₐₓ, Tₘᵢₙ, and rainfall from 1980 to 2020 was in the range of 0.011-0.012 °C, 0.031-0.034 °C, and 0.089-0.094 cm, respectively, during the CGS and SGS. Rainfall had no significant effect on cotton and soybean yields. A 1 °C rise in Tₘᵢₙ increased cotton yield by 20.8% while decreasing soybean yield by 31.6%. Alternatively, a 1 °C rise in Tₘₐₓ decreased cotton and soybean yield by 10.3% and 25.6%, respectively.
=592  \\$aPublisher supplied data
=593  \\$aPubAg article
=596  \\$cAgricultural Research Service
=506  0\$fUnrestricted online access$2star
=650  \3$aGlycine max
=650  \3$aGossypium hirsutum
=650  \3$aagriculture
=650  \3$aclimate change
=650  \3$acotton
=650  \3$afood research
=650  \3$amodels
=650  \3$arain
=650  \3$asoybeans
=650  \3$atemperature
=653  \0$aAbiotic stresses
=653  \0$aTemperature
=653  \0$aFood security
=653  \0$aCrop productivity
=653  \0$aand Panel data
=700  1\$aKumar, Sunny$eauthor$uPunjab Agricultural University, Ludhiana, Punjab, India
=700  1\$aVatta, Kamal$eauthor$uPunjab Agricultural University, Ludhiana, Punjab, India
=700  1\$aDhillon, Jagmandeep$eauthor$uDepartment of Plant and Soil Sciences, Mississippi State University, Mississippi, USA$1https://orcid.org/0000-0002-6260-5174
=700  1\$aReddy, Krishna N.$eauthor$uCrop Production Systems Research Unit, USDA-ARS, Stoneville, MS, USA
=773  0\$tJournal of agriculture and food research.$g2022 Sept., v. 9 p.100348-$dElsevier B.V.$wJournal:27273$x2666-1543$7nnas
=787  1\$oislandora_article_repository
=787  1\$oproduct_pubag
=787  1\$o(Journal)27273
=856  40$uhttps://dx.doi.org/10.1016/j.jafr.2022.100348$3Available from publisher's site
=912  \\$aArticle
=914  \\$aJournal:27273$b2666-1543$e100348
=914  \\$fJournal of agriculture and food research
=917  \\$aissued
=918  2\$aElsevier Consyn$eprovider$5DNAL
=935  \\$aIND607862906$9ExL
=949  \\$a2022-08-03
=953  \\$a/data/metadata/incoming/consyn/139368259653388643-00002-HEAD-ONLY-REVISEDSUBJECTLIST.ZIP
=954  \\$afile:/data/metadata/staging/consyn/S2666154322000813.xml
=955  \\$a/data/metadata/staging/consyn/
=961  \\$aUSDA/ARS
=974  \\$aagid:7862906
=983  \\$a2022-08-29
=984  \\$a2022-09-06

