=LDR  04991nab a2200769 u 4500
=001  9916059844307426
=005  20221121105305.0
=008  200928e202010\\xx\|||||o|||||||||||eng||
=016  7\$aIND607115167$2DNAL
=024  7\$a10.1111/gcb.15281$2doi
=035  \\$aagid:7115167-01nal_inst
=040  \\$aAGL$beng$cAGL
=100  1\$aLeMoine, Michael T.$eauthor$uWildlife Biology Program, University of Montana, Missoula, MT, USA$1https://orcid.org/0000-0003-3605-7335
=245  10$aLandscape resistance mediates native fish species distribution shifts and vulnerability to climate change in riverscapes
=300  \\$ap. 5492-5508.
=500  \\$aNAL-AP-2-clean
=500  \\$aJOURNAL ARTICLE
=520  \\$aA broader understanding of how landscape resistance influences climate change vulnerability for many species is needed, as is an understanding of how barriers to dispersal may impact vulnerability. Freshwater biodiversity is at particular risk, but previous studies have focused on popular cold‐water fishes (e.g., salmon, trout, and char) with relatively large body sizes and mobility. Those fishes may be able to track habitat change more adeptly than less mobile species. Smaller, less mobile fishes are rarely represented in studies demonstrating effects of climate change, but depending on their thermal tolerance, they may be particularly vulnerable to environmental change. By revisiting 280 sites over a 20 year interval throughout a warming riverscape, we described changes in occupancy (i.e., site extirpation and colonization probabilities) and assessed the environmental conditions associated with those changes for four fishes spanning a range of body sizes, thermal and habitat preferences. Two larger‐bodied trout species exhibited small changes in site occupancy, with bull trout experiencing a 9.2% (95% CI = 8.3%-10.1%) reduction, mostly in warmer stream reaches, and westslope cutthroat trout experiencing a nonsignificant 1% increase. The small‐bodied cool water slimy sculpin was originally distributed broadly throughout the network and experienced a 48.0% (95% CI = 42.0%-54.0%) reduction in site occupancy with declines common in warmer stream reaches and areas subject to wildfire disturbances. The small‐bodied comparatively warmer water longnose dace primarily occupied larger streams and increased its occurrence in the lower portions of connected tributaries during the study period. Distribution shifts for sculpin and dace were significantly constrained by barriers, which included anthropogenic water diversions, natural step‐pools and cascades in steeper upstream reaches. Our results suggest that aquatic communities exhibit a range of responses to climate change, and that improving passage and fluvial connectivity will be important climate adaptation tactics for conserving aquatic biodiversity.
=592  \\$aPublisher supplied data
=593  \\$aPubAg article
=596  \\$cUSGS Montana Water Center
=596  \\$cUniveristy of Montana
=596  \\$aMONZ17004$cUSDA McIntire Stennis
=650  \3$aCottus cognatus
=650  \3$aOncorhynchus clarkii
=650  \3$aRhinichthys cataractae
=650  \3$aSalvelinus confluentus
=650  \3$abiodiversity
=650  \3$aclimate
=650  \3$aclimate change
=650  \3$afreshwater
=650  \3$ageographical distribution
=650  \3$ahabitats
=650  \3$aheat tolerance
=650  \3$aindigenous species
=650  \3$alandscapes
=650  \3$arisk
=650  \3$arivers
=650  \3$asalmon
=650  \3$astreams
=650  \3$atrout
=650  \3$awildfires
=700  1\$aEby, Lisa A.$eauthor$uWildlife Biology Program, University of Montana, Missoula, MT, USA
=700  1\$aClancy, Chris G.$eauthor$uMontana Fish, Wildlife and Parks, Hamilton, MT, USA
=700  1\$aNyce, Leslie G.$eauthor$uMontana Fish, Wildlife and Parks, Hamilton, MT, USA
=700  1\$aJakober, Michael J.$eauthor$uBitterroot National Forest, Hamilton, MT, USA
=700  1\$aIsaak, Dan J.$eauthor$uRocky Mountain Research Station, USDA Forest Service, Boise, ID, USA
=773  0\$tGlobal change biology.$g2020 Oct., v. 26, no. 10 p.5492-5508$dJohn Wiley & Sons, Ltd$wJournal:jnl57021$x1354-1013$7nnas
=787  1\$oislandora_article_repository
=787  1\$oproduct_pubag
=787  1\$o(Journal)jnl57021
=856  40$uhttp://dx.doi.org/10.1111/gcb.15281$3Available from publisher's site
=912  \\$aArticle
=914  \\$aJournal:jnl57021$b1354-1013$c26$d10$e5492
=914  \\$fGlobal change biology
=916  \\$aBatch:10149
=917  \\$aissued
=918  2\$aJohn Wiley & Sons, Inc$eprovider$5DNAL
=935  \\$aIND607115167$9ExL
=949  \\$a2021-06-18
=953  \\$a/data/metadata/incoming/wiley/13541013_2020_26_10.xml
=954  \\$afile:/data/metadata/staging/wiley/13541013_2020_26_10.xml
=955  \\$a/data/metadata/staging/wiley/
=961  \\$aUSDA/FS
=974  \\$aagid:7115167
=983  \\$a2020-09-28
=984  \\$a2021-06-18

