=LDR  04853nab a2200661 u 4500
=001  9916061968807426
=005  20221120212437.0
=008  190401e201602\\xx\|||||o|||||||||||eng||
=016  7\$aIND605257141$2DNAL
=024  7\$a10.1016/j.landusepol.2015.11.021$2doi
=035  \\$aagid:5257141-01nal_inst
=040  \\$aAGL$beng$cAGL
=100  1\$aPoudyal, Neelam C.$eauthor$uDepartment of Forestry, Wildlife, & Fisheries, University of Tennessee, Knoxville, TN 37996, United States$1https://orcid.org/0000-0003-1230-0679
=245  13$aAn exploratory spatial analysis of projected hotspots of population growth, natural land loss, and climate change in the conterminous United States
=300  \\$ap. 325-334.
=520  \\$aConsidering expected population growth and changes in landuse and climate, it is important to understand whether and where the relative change in one or more of these stressors will most likely impact natural and human systems. This study employed exploratory spatial data analysis of population growth, loss of natural land, and climate change data, all projected at county level for the conterminous United States as part of the USDA Forest Service's 2010 RPA Assessment. Location and geographical extent of projected significant "hotspots" of individual and multiple stressors were analyzed with respect to the location of at-risk natural ecosystems (protected lands, imperiled species) and the social and economic characteristics of human population within and outside the hotspots. While hotspots of projected climate change are broadly distributed across the Southwest, Northern Midwest, and Northeast, hotspots of projected natural land loss clustered in the Southeast and Pacific Northwest, and the primary area of overlap for multiple changes was the Southwest. Most counties in hotspots are currently home to higher numbers of at-risk or listed threatened and endangered (T&E) species than those outside. Also, up to three-quarters of the lands stringently managed to preserve their unique natural and scientific values are projected to be in hotspots of one or more stressors. Findings will be useful in identifying areas in which the greatest emerging land use management challenges will likely be concentrated due to change in one or more stressors. Findings will also inform land use planning decisions, and most importantly, provide information that will prioritize limited resources for mitigation, restoration, and management in areas of highest need. While our analysis shows notable differences in social and economic characteristics of counties projected to be in and outside hotspots, it also suggests the need for an in-depth study to compare sensitivity and adaptive capacity at community scale to compare the vulnerability of communities.
=592  \\$aPublisher supplied data
=593  \\$aPubAg article
=650  \3$aUSDA Forest Service
=650  \3$aclimate
=650  \3$aclimate change
=650  \3$aecosystems
=650  \3$ahuman population
=650  \3$aland use planning
=650  \3$apopulation growth
=650  \3$aspatial data
=651  \3$aUnited States
=653  \0$aLanduse
=653  \0$aFootprint
=653  \0$aSpatial autocorrelation
=653  \0$aVulnerability
=653  \0$aAt-risk species
=653  \0$aCommunties
=653  \0$aRPA assessment
=700  1\$aElkins, Duncan$eauthor$uWarnell School of Forestry & Natural Resources, University of Georgia, Athens, GA 30602, United States$1https://orcid.org/0000-0001-5798-5873
=700  1\$aNibbelink, Nathan$eauthor$uWarnell School of Forestry & Natural Resources, University of Georgia, Athens, GA 30602, United States
=700  1\$aCordell, H. Ken$eauthor$uUSDA Forest Service, Southern Research Station, Athens, GA 30602, United States
=700  1\$aGyawali, Buddhi$eauthor$uCollege of Agriculture, Food Science & Sustainable Systems, Kentucky State University, Frankfort, KY 40601, United States
=773  0\$tLand use policy.$g2016 Feb., v. 51 p.325-334$dElsevier Ltd$aElsevier Ltd$wJournal:12412$x0264-8377$7nnas
=787  1\$oislandora_article_repository
=787  1\$oproduct_pubag
=787  1\$o(Journal)12412
=856  40$uhttps://dx.doi.org/10.1016/j.landusepol.2015.11.021$3Available from publisher's site
=912  \\$aArticle
=914  \\$aJournal:12412$b0264-8377$c51$e325
=914  \\$fLand use policy
=916  \\$aBatch:1553
=917  \\$aissued
=918  2\$aElsevier Consyn$eprovider$5DNAL
=935  \\$aIND605257141$9ExL
=949  \\$a2019-04-01
=953  \\$a/data/metadata/incoming/consyn-backfiles/46-2-00047-HEAD-ONLY.zip
=954  \\$afile:/data/metadata/staging/consyn-backfiles/S0264837715003841.xml
=955  \\$a/data/metadata/staging/consyn-backfiles/
=961  \\$aUSDA/FS
=974  \\$aagid:5257141
=983  \\$a2019-04-01
=984  \\$a2019-04-01

