=LDR  05173nab a2200805 u 4500
=001  9916064932807426
=005  20221214225010.0
=008  200219e202003\\xx\|||||o|||||||||||eng||
=016  7\$aIND606843546$2DNAL
=024  7\$a371225$2aris
=024  7\$a10113/6843546$2hdl
=024  7\$a10.1007/s10340-019-01183-9$2doi
=024  7\$a371225$2seq_no_115
=024  7\$a6066-22000-085-00D$2aris_project_no
=024  7\$a429232$2aris_accn_no
=035  \\$aagid:6843546-01nal_inst
=040  \\$aAGL$beng$cAGL
=100  1\$aZhao, Zihua$eauthor$uDepartment of Entomology, College of Plant Protection, China Agricultural University, Beijing, 100193, China. zhzhao@cau.edu.cn$1https://orcid.org/0000-0003-2353-2862
=245  14$aThe synergy between climate change and transportation activities drives the propagation of an invasive fruit fly
=300  \\$ap. 615-625.
=520  \\$aAgricultural ecosystems are being increasingly exposed to the interactive effects of biological invasions, climate fluctuation, and human actions, with increasing temperatures and intense transportations expected to lead to the aggravation of alien species invasions. We thus assessed this expectation for a global invasive pest, the oriental fruit fly (Bactrocera dorsalis), by determining whether climate variation and transportation activities affect invasion dynamics of this epidemic in California. We found that both temperature fluctuation (growing degree days) and transportation activities (passenger volume) have significant effects on interannual fluctuations of the oriental fruit fly detection events and infested areas. In addition, both detection events and infested areas of the oriental fruit fly were significantly higher in warmer years, while annual precipitation had no significant effects on invasion dynamics of the oriental fruit fly. The growing degree days contributed much more to the invasion dynamics than passenger volume, while passenger volume facilitated an increase in infested area more than growing degree days. Then, we introduced a conceptual framework of synergy model of climate change and transportation activities to illustrate invasion dynamics of the oriental fruit fly, revealing both the invasion dynamics in a fixed cell according to growing degree days and the spatial transmission of invasive alien species by passenger volume. Our findings shed light on the spatial invasion dynamics of alien species, with potential implications for understanding the trajectories of biological invasions under changing future climates and transportation activities.
=592  \\$aPublisher supplied data
=593  \\$aPubAg article
=596  \\$a31770453$cthe National Natural Science Foundation
=596  \\$a2017YFD0200400$cNational Key R&D Program of China
=593  \\$eARIS manuscript
=650  \3$aBactrocera dorsalis
=650  \3$aagroecosystems
=650  \3$aatmospheric precipitation
=650  \3$aclimate change
=650  \3$aclimatic factors
=650  \3$aecological invasion
=650  \3$afruit flies
=650  \3$aheat sums
=650  \3$aintroduced species
=650  \3$ainvasive species
=650  \3$amodels
=650  \3$atemperature
=650  \3$atransportation
=651  \3$aCalifornia
=700  1\$aReddy, Gadi V.P.$eauthor$1https://orcid.org/0000-0001-6377-0721
=700  1\$aReddy, Gadi V. P.$eauthor$uUSDA-ARS-Southern Insect Management Research Unit, 141 Experiment Station Road, PO Box 346, Stoneville, MS, 38776, USA
=700  1\$aChen, Lei$eauthor$uKey Laboratory of Bio-Resource and Eco-Environment of Ministry of Education, College of Life Sciences, Sichuan University, Chengdu, 610065, China
=700  1\$aQin, Yujia$eauthor$uDepartment of Entomology, College of Plant Protection, China Agricultural University, Beijing, 100193, China
=700  1\$aLi, Zhihong$eauthor$uDepartment of Entomology, College of Plant Protection, China Agricultural University, Beijing, 100193, China
=773  0\$tJournal of pest science.$g2020 Mar., v. 93, no. 2 p.615-625$dSpringer Berlin Heidelberg$wJournal:jnl3870064$x1612-4758$7nnas
=787  1\$oislandora_article_repository
=787  1\$oproduct_pubag
=787  1\$o(Journal)jnl3870064
=856  40$uhttps://handle.nal.usda.gov/10113/6843546$3Available in the National Agricultural Library PubAg search system
=856  40$uhttps://dx.doi.org/10.1007/s10340-019-01183-9$3Available from publisher's site
=912  \\$aArticle
=914  \\$aJournal:jnl3870064$b1612-4758$c93$d2$e615
=914  \\$fJournal of pest science
=916  \\$aBatch:2435
=917  \\$aissued
=918  2\$aSpringer$eprovider$5DNAL
=935  \\$aIND606843546$9ExL
=949  \\$a2020-03-26
=953  \\$a/data/metadata/incoming/springer/ftp_PUB_20-02-19_06-09-56.zip
=954  \\$afile:/data/metadata/staging/springer/10340-93-2.xml
=955  \\$a/data/metadata/staging/springer/
=961  \\$aUSDA/ARS
=962  \\$aARIS manuscript submission
=962  \\$aARIS Manuscript
=962  \\$aBatch:2435 reviewed on 2020-03-26T16:00:05Z
=974  \\$aagid:6843546
=979  \\$aCheck names for duplicates
=983  \\$a2020-02-19
=984  \\$a2020-03-26

