=LDR  04896nab a2200733 u 4500
=001  9916065170207426
=005  20221120222332.0
=008  180321e200701\\xx\|||||o|||||||||||eng||
=016  7\$aIND43913624$2DNAL
=024  7\$a17479838$2pmid
=024  7\$a10.1890/1051-0761(2007)017[0101:RAITFO]2.0.CO;2$2doi
=035  \\$aagid:2012264-01nal_inst
=040  \\$aAGL$beng$cAGL
=100  1\$aLogan, J. A.$eauthor$uUSDA Forest Service, Forest Sciences Laboratory, 860 N 1200 E Logan, Utah 84321 USA
=245  10$aRisk assessment in the face of a changing environment: gypsy moth and climate change in utah
=300  \\$ap. 101-117.
=500  \\$aJOURNAL ARTICLE
=500  \\$a2019-12-04
=520  \\$aThe importance of efficaciously assessing the risk for introduction and establishment of pest species is an increasingly important ecological and economic issue. Evaluation of climate is fundamental to determining the potential success of an introduced or invasive insect pest. However, evaluating climatic suitability poses substantial difficulties; climate can be measured and assessed in a bewildering array of ways. Some physiological filter, in essence a lens that focuses climate through the requirements and constraints of a potential pest introduction, is required. Difficulties in assessing climate suitability are further exacerbated by the effects of climate change. Gypsy moth (Lymantria dispar L.) is an exotic, tree‐defoliating insect that is frequently introduced into the western United States. In spite of an abundance of potential host species, these introductions have yet to result in established populations. The success of eradication efforts and the unsuccessful establishment of many detected and undetected introductions may be related to an inhospitable climate. Climatic suitability for gypsy moth in the western United States, however, is potentially improving, perhaps rapidly, due to a general warming trend that began in the mid 1970s and continues today. In this work, we describe the application of a physiologically based climate suitability model for evaluating risk of gypsy moth establishment on a landscape level. Development of this risk assessment system first required amassing databases that integrated the gypsy moth climatic assessment model, with host species distributions, and climate (historical, present, and future). This integrated system was then used to evaluate climate change scenarios for native host species in Utah, with the result that risk of establishment will dramatically increase during the remainder of the 21st century under reasonable climate change scenarios. We then applied the risk assessment system to several case histories of detected gypsy moth introductions in Utah. These applications demonstrated the general utility of the system for predicting risk of establishment and for designing improved risk detection strategies.
=592  \\$aPublisher supplied data
=593  \\$aPubAg article
=650  \3$aLymantria dispar
=650  \3$aintroduced species
=650  \3$aair temperature
=650  \3$aphenology
=650  \3$arisk assessment
=650  \3$aglobal warming
=650  \3$aclimate models
=650  \3$ainsect development
=650  \3$ainsect ecology
=650  \3$aforest pests
=650  \2$aAnimals
=650  \2$aClimate
=650  \2$aModels, Theoretical
=650  \2$aMoths$xphysiology
=650  \2$aRisk Assessment
=651  \3$aUtah
=651  \0$aUtah
=653  \0$aclimate change
=653  \0$ainsect physiology
=700  1\$aRégnière, J.$eauthor$uCanadian Forest Service, Laurentian Forestry Centre, P.O. Box 10380, Stn. Sainte-Foy, Quebec, Quebec G1V 4C7 Canada
=700  1\$aGray, D. R.$eauthor$uCanadian Forest Service, Atlantic Forestry Centre, P.O. Box 4000 Fredericton, New Brunswick E3B 5P7 Canada
=700  1\$aMunson, A. S.$eauthor$uUSDA Forest Service, Forest Health Protection, 4746 S. 1900 East, Ogden, Utah 84403 USA
=773  0\$tEcological applications.$g2007 Jan., v. 17, no. 1 p.101-117$dEcological Society of America$wJournal:jnl47193$x1051-0761$7nnas
=787  1\$oislandora_article_repository
=787  1\$oproduct_pubag
=787  1\$o(Journal)jnl47193
=852  \\$aDNAL
=856  40$uhttps://dx.doi.org/10.1890/1051-0761(2007)017%5B0101:RAITFO%5D2.0.CO;2$3Available from publisher's site
=912  \\$aArticle
=914  \\$aJournal:jnl47193
=914  \\$fEcological applications
=917  \\$aissued
=918  2\$aJohn Wiley & Sons, Inc$eprovider$5DNAL
=935  \\$aIND43913624$9ExL
=949  \\$a2018-03-21
=953  \\$a/data/metadata/incoming/wiley/10510761_2007_17_1.xml
=954  \\$afile:/data/metadata/staging/wiley/10510761_2007_17_1.xml
=955  \\$a/data/metadata/staging/wiley/
=961  \\$aUSDA/FS
=974  \\$aagid:2012264
=983  \\$a2018-03-21
=984  \\$a2018-03-21
=986  \\$a3913624

