=LDR  02183nab a2200469 u 4500
=001  9916065564907426
=005  20221207121918.0
=008  220901e202202\\xx\|||||o|||||||||||eng||
=016  7\$aIND607922117$2DNAL
=024  7\$a10.1029/2021ef002222$2doi
=024  7\$a10.1029/2021ef002222$2chorus
=035  \\$aagid:7922117-01nal_inst
=040  \\$aAGL$beng$cAGL
=100  1\$aWarziniack, Travis$eauthor$uRocky Mountain Research Station USDA Forest Service  Fort Collins CO USA
=245  10$aProjections of Freshwater Use in the United States Under Climate Change
=506  \\$aResource is Open Access$uhttp://purl.org/eprint/accessRights/OpenAccess
=506  \\$aCHORUS License Information
=592  \\$aPublisher supplied data
=596  \\$cUSDA Forest Service
=506  0\$fUnrestricted online access$2star
=700  1\$aArabi, Mazdak$eauthor$uDepartment of Civil and Environmental Engineering Colorado State University  Fort Collins CO USA
=700  1\$aBrown, Thomas C.$eauthor$uRocky Mountain Research Station USDA Forest Service  Fort Collins CO USA
=700  1\$aFroemke, Pamela$eauthor$uRocky Mountain Research Station USDA Forest Service  Fort Collins CO USA
=700  1\$aGhosh, Rohini$eauthor$uPacifiCorp  Portland OR USA
=700  1\$aRasmussen, Shaunie$eauthor$uDepartment of Ecosystem Science and Sustainability Colorado State University  Fort Collins CO USA
=700  1\$aSwartzentruber, Ryan$eauthor$uDepartment of Economics University of Tennessee  Knoxville TN USA
=773  0\$tEarth's Future.$dAmerican Geophysical Union (AGU)$7nnas
=856  40$uhttps://dx.doi.org/10.1029/2021ef002222$3Available from publisher's site
=912  \\$aArticle
=914  \\$fEarth's Future
=917  \\$areview
=918  2\$aCHORUS$eprovider$5DNAL
=935  \\$aIND607922117$9ExL
=949  \\$a2022-09-06
=955  \\$a/data/metadata/staging/chorus
=961  \\$aUSDA/FS
=962  \\$aMissing ISSN
=974  \\$aagid:7922117
=979  \\$aArticle missing volume number$bNo abstract
=984  \\$a2022-09-06
=985  \\$aXML source generated via Python using CHORUS API JSON data; converted to MODS with chorus_to_mods.xsl
=990  \\$iIncomplete articles

