=LDR  03342nab a2200601 u 4500
=001  9916066043807426
=005  20221207120840.0
=008  220901e202011\\xx\|||||o|||||||||||eng||
=016  7\$aIND607325850$2DNAL
=024  7\$a10113/7325850$2hdl
=024  7\$a10.1016/j.jeem.2020.102378$2doi
=024  7\$a10.1016/j.jeem.2020.102378$2chorus
=035  \\$aagid:7325850-01nal_inst
=040  \\$aAGL$beng$cAGL
=100  1\$aDePaula, Guilherme$eauthor$uDepartment of Economics, Center for Agricultural and Rural Development, Iowa State University, USA
=245  14$aThe distributional effect of climate change on agriculture: Evidence from a Ricardian quantile analysis of Brazilian census data
=506  \\$aResource is Open Access$uhttp://purl.org/eprint/accessRights/OpenAccess
=506  \\$aCHORUS License Information
=520  \\$aThe economic impact of global warming likely varies across farms because of differences in climate, technology, and adaptive capacity. Therefore, aggregate estimates of the average effect of warming may be insufficient to model climate change vulnerability. In this study, I propose a quantile model for the distributional effect of climate change. I estimate interquantile regressions of land value on climate using agricultural census data for 464,277 commercial farms in Brazil. I find that the effects of climate change in Brazilian agriculture vary significantly by climate, land quality, and irrigation choice. A 1 °C of warming is more detrimental to farms in warm climates, those with high-quality land, and those using irrigation. A 100-mm decrease in annual precipitation is more damaging to farms in dry climates, those with low-quality land, and those using irrigation. The heterogeneity in climate change effects is particularly large within the subset of farms in the warmest or the driest climates, as the most vulnerable farms appear to be those that have reached their limits for climate adaptation.
=592  \\$aPublisher supplied data
=593  \\$aPubAg article
=596  \\$cNational Institute of Food and Agriculture
=506  0\$fUnrestricted online access$2star
=650  \3$acensus data
=650  \3$acommercial farms
=650  \3$adry climates
=650  \3$aeconomic impact
=650  \3$aglobal warming
=650  \3$airrigated farming
=650  \3$aland values
=650  \3$arain
=651  \3$aBrazil
=773  0\$tJournal of Environmental Economics and Management.$g2020 Nov., v. 104$dElsevier BV$wJournal:12464$x0095-0696$7nnas
=787  1\$oislandora_article_repository
=787  1\$oproduct_pubag
=787  1\$o(Journal)12464
=856  40$uhttp://dx.doi.org/10.1016/j.jeem.2020.102378$3Available from publisher's site
=912  \\$aArticle
=914  \\$aJournal:12464$c104
=914  \\$fJournal of Environmental Economics and Management
=916  \\$aBatch:10197
=917  \\$aissued
=918  2\$aCHORUS$eprovider$5DNAL
=935  \\$aIND607325850$9ExL
=949  \\$a2022-06-23
=952  \\$dgolden set
=955  \\$a/data/metadata/staging/chorus
=961  \\$aUSDA
=962  \\$aUSDA Scientist Submission; eISSN 1096-0449
=974  \\$aagid:7325850
=983  \\$a2022-09-01T12:44:03-04:00
=984  \\$a2022-09-29
=985  \\$aXML source generated via Python using CHORUS API JSON data; converted to MODS with chorus_to_mods.xsl

