=LDR  03393nab a2200625 u 4500
=001  9916066047407426
=005  20221215143623.0
=008  220901e201811\\xx\|||||o|||||||||||eng||
=016  7\$aIND607325844$2DNAL
=024  7\$a10113/7325844$2hdl
=024  7\$a10.1016/j.jeem.2018.08.014$2doi
=024  7\$a10.1016/j.jeem.2018.08.014$2chorus
=035  \\$aagid:7325844-01nal_inst
=040  \\$aAGL$beng$cAGL
=100  1\$aLewis, David J.$eauthor$uDepartment of Applied Economics, Oregon State University, 200 A Ballard Ext. Hall Corvallis, OR 97331, USA
=245  13$aAn auction mechanism for the optimal provision of ecosystem services under climate change
=300  \\$ap. 20-34.
=506  \\$aResource is Open Access$uhttp://purl.org/eprint/accessRights/OpenAccess
=506  \\$aCHORUS License Information
=520  \\$aThe provision of many ecosystem services depends on the spatial pattern of land use across multiple landowners. Even holding land use constant, ecosystem service provision may change through time due to climate change. This paper develops an auction mechanism that implements an optimal solution for providing ecosystem services through time with multiple landowners who have private information about the net benefits of alternative uses of their land. Under the auction, each landowner has a dominant strategy to truthfully reveal their private information. With this information a regulator can then implement the optimal landscape pattern, which maximizes the present value of net benefits derived from the landscape, following the rules of the auction mechanism. The auction can be designed as a subsidy auction that pays landowners to conserve or a tax auction where landowners pay for the right to develop. Our mechanism optimizes social adaptation of ecosystem management to climate change.
=592  \\$aPublisher supplied data
=593  \\$aPubAg article
=596  \\$cNOAA
=596  \\$cUSDA National Institute for Food and Agriculture
=506  0\$fUnrestricted online access$2star
=650  \3$aadministrative management
=650  \3$aauctions
=650  \3$aclimate change
=650  \3$aecosystem management
=650  \3$aecosystem services
=650  \3$aecosystems
=650  \3$aland use
=650  \3$alandscapes
=650  \3$asocial adjustment
=700  1\$aPolasky, Stephen$eauthor$uDepartment of Applied Economics, University of Minnesota, 1994 Buford Ave. St. Paul, MN 55108, USA
=773  0\$tJournal of Environmental Economics and Management.$g2018 Nov., v. 92 p.20-34$dElsevier BV$wJournal:12464$x0095-0696$7nnas
=787  1\$oislandora_article_repository
=787  1\$oproduct_pubag
=787  1\$o(Journal)12464
=856  40$uhttp://dx.doi.org/10.1016/j.jeem.2018.08.014$3Available from publisher's site
=912  \\$aArticle
=914  \\$aJournal:12464$c92$e20
=914  \\$fJournal of Environmental Economics and Management
=917  \\$aissued
=918  2\$aCHORUS$eprovider$5DNAL
=935  \\$aIND607325844$9ExL
=949  \\$a2022-05-05
=952  \\$dNAL-AP-2-clean
=955  \\$a/data/metadata/staging/chorus
=961  \\$aUSDA
=962  \\$aUSDA Scientist Submission; eISSN 1096-0449
=974  \\$aagid:7325844
=983  \\$a2022-09-01T12:43:58-04:00
=984  \\$a2022-09-28
=985  \\$aXML source generated via Python using CHORUS API JSON data; converted to MODS with chorus_to_mods.xsl

