=LDR  03264nab a2200649 u 4500
=001  9916066211707426
=005  20221215142546.0
=008  221002e201803\\xx\|||||o|||||||||||eng||
=016  7\$aIND607325840$2DNAL
=024  7\$a10113/7325840$2hdl
=024  7\$a10.1016/j.jeem.2018.01.005$2doi
=024  7\$a10.1016/j.jeem.2018.01.005$2chorus
=035  \\$aagid:7325840-01nal_inst
=040  \\$aAGL$beng$cAGL
=100  1\$eauthor
=245  10$aClimate change, agricultural production and civil conflict: Evidence from the Philippines
=506  \\$aResource is Open Access$uhttp://purl.org/eprint/accessRights/OpenAccess
=506  \\$aCHORUS License Information
=520  \\$aUsing unique data on conflict-related incidents in the Philippines, we exploit seasonal variation in the relationship between rainfall and agricultural production to learn about the mechanism through which rainfall affects civil conflict. We find that an increase in dry-season rainfall leads to an increase in agricultural production and dampens conflict intensity. By contrast, an increase in wet-season rainfall is harmful to crops and produces more conflict. Consistent with the hypothesis that rebel groups gain strength after a bad harvest, we find that negative rainfall shocks lead to an increase in conflict incidents initiated by insurgents but not by government forces. These results suggest that the predicted shift towards wetter wet seasons and drier dry seasons will lead to more civil conflict even if annual rainfall totals remain stable. We conclude that policies aimed at mitigating the effect of climate change on agriculture could have the added benefit of reducing civil conflict.
=592  \\$aPublisher supplied data
=593  \\$aPubAg article
=596  \\$cNational Institute of Food and Agriculture
=506  0\$fUnrestricted online access$2star
=650  \3$aPhilippines
=650  \3$aagricultural productivity
=650  \3$aclimate change
=650  \3$adry season
=650  \3$arain
=650  \3$aseasonal variation
=650  \3$asocial problems
=650  \3$awet season
=700  1\$eauthor
=700  1\$eauthor
=700  1\$eauthor
=773  0\$tJournal of Environmental Economics and Management.$dElsevier BV$x0095-0696$7nnas
=787  1\$oislandora_article_repository
=787  1\$oproduct_pubag
=787  1\$o(Journal)12464
=856  40$uhttps://handle.nal.usda.gov/10113/7325840$3Available in the National Agricultural Library PubAg search system
=856  40$uhttps://dx.doi.org/10.1016/j.jeem.2018.01.005$3Available from publisher's site
=912  \\$aArticle
=914  \\$aJournal:12464$c88$e379
=914  \\$fJournal of Environmental Economics and Management
=916  \\$aBatch:10196
=917  \\$aissued
=918  2\$aCHORUS$eprovider$5DNAL
=935  \\$aIND607325840$9ExL
=949  \\$a2022-06-05
=952  \\$dgolden set
=955  \\$a/data/metadata/staging/chorus
=961  \\$aUSDA
=962  \\$aUSDA Scientist Submission
=962  \\$aUSDA Scientist Submission; eISSN 1096-0449
=974  \\$aagid:7325840
=979  \\$aArticle missing volume number
=984  \\$a2022-10-04
=985  \\$aXML source generated via Python using CHORUS API JSON data; converted to MODS with chorus_to_mods.xsl

