=LDR  05414nab a2200913 u 4500
=001  9916066804507426
=005  20221207123028.0
=008  190403e201602\\xx\|||||o|||||||||||eng||
=016  7\$aIND605262775$2DNAL
=024  7\$a10.1016/j.agwat.2015.12.003$2chorus
=024  7\$a10.1016/j.agwat.2015.12.003$2doi
=024  7\$a10.1016/j.agwat.2015.12.003$2chorusOpen
=035  \\$aagid:5262775-01nal_inst
=040  \\$aAGL$beng$cAGL
=100  1\$aHong, Eun-Mi$eauthor$uOak Ridge Institute of Science and Engineering, Oak Ridge, TN, USA
=245  10$aProjected irrigation requirements for upland crops using soil moisture model under climate change in South Korea
=300  \\$ap. 163-180.
=506  \\$aResource is Open Access
=506  \\$aElsevier BV License Information
=506  \\$aResource is Open Access$uhttp://purl.org/eprint/accessRights/OpenAccess
=506  \\$aCHORUS License Information
=520  \\$aAn increase in abnormal climate change patterns and unsustainable irrigation in uplands cause drought and affect agricultural water security, crop productivity, and price fluctuations. In this study, we developed a soil moisture model to project irrigation requirements (IR) for upland crops under climate change using estimated effective rainfall (ER), crop evapotranspiration (ETc) and the IR of 29 major upland crops in South Korea. The temperature and precipitation will increase, but the ER is projected to decrease under climate change. ETc and the net irrigation requirement (NIR) are expected to increase under climate change. Vegetable crops have less ER and more NIR than cereal crops with a similar amount of ETc, which means they are more sensitive to water scarcity and IR than cereal crops. In addition, we found that barley has the smallest daily ETc and IR but the highest increase rate in NIR under climate change, especially in the central part of South Korea. The NIR of Chinese cabbage-fall is the lowest in the northern region and increases moving southwards. The NIR of spinach is projected to increase gradually from the southern and eastern coastlines to the northern inland area. Onions have the largest ETc and NIR of the 29 upland crops, but they show small changes compared to other crops under climate change. Water scarcity is a major limiting factor for sustainable agricultural production. The variation of IR and ETc values for each crop under different climate change scenarios depends on the crop, soil, space, and meteorological characteristics. The results of this study can be used as a guideline for irrigation and soil water management for upland crops under climate change.
=592  \\$aPublisher supplied data
=593  \\$aPubAg article
=596  \\$cAgricultural Research Service (ARS) Research Participation Program$dhttps://doi.org/10.13039/100007917
=596  \\$cBasic Science Research Program through the National Research Foundation of Korea (NRF)$dhttps://doi.org/10.13039/501100003725
=596  \\$cMinistry of Education Science and Technology$dhttps://doi.org/10.13039/501100004085
=596  \\$cUSDA$dhttps://doi.org/10.13039/100000199
=596  \\$cUSDOE$dhttps://doi.org/10.13039/100000015
=506  0\$fUnrestricted online access$2star
=650  \3$abarley
=650  \3$aclimate change
=650  \3$acoasts
=650  \3$adrought
=650  \3$aevapotranspiration
=650  \3$agrain crops
=650  \3$aguidelines
=650  \3$ahighlands
=650  \3$airrigation requirement
=650  \3$amodels
=650  \3$aonions
=650  \3$aprices
=650  \3$arain
=650  \3$asoil water
=650  \3$aspinach
=650  \3$asustainable agriculture
=650  \3$atemperature
=650  \3$avegetable crops
=651  \3$aSouth Korea
=653  \0$aClimate change
=653  \0$aEvapotranspiration
=653  \0$aIrrigation requirement
=653  \0$aSoil moisture model
=653  \0$aSouth Korea
=653  \0$aUpland crop
=700  1\$aNam, Won-Ho$eauthor$uNational Drought Mitigation Center, School of Natural Resources, University of Nebraska-Lincoln, Lincoln, NE, USA$1https://orcid.org/0000-0002-9671-6569
=700  1\$aChoi, Jin-Yong$eauthor$uDepartment of Rural Systems Engineering and Research Institute for Agriculture & Life Sciences, Seoul National University, Seoul, Republic of Korea
=700  1\$aPachepsky, Yakov A.$eauthor$uUSDA-ARS, Beltsville Agricultural Research Center, Beltsville, MD, USA
=773  0\$tAgricultural water management.$g2016 Feb., v. 165 p.163-180$dElsevier B.V.$aElsevier B.V.$wJournal:jnl8460$x0378-3774$7nnas
=787  1\$oislandora_article_repository
=787  1\$oproduct_pubag
=787  1\$o(Journal)jnl8460
=856  40$uhttps://dx.doi.org/10.1016/j.agwat.2015.12.003$3Available from publisher's site
=903  \\$aAccepted Manuscript
=912  \\$aArticle
=914  \\$aJournal:jnl8460$b0378-3774$c165$e163
=914  \\$fAgricultural water management
=916  \\$aBatch:1446
=917  \\$aissued
=918  2\$aElsevier Consyn$eprovider$5DNAL
=935  \\$aIND605262775$9ExL
=949  \\$a2020-03-06
=953  \\$a/data/metadata/incoming/consyn-backfiles/46-2-00066-HEAD-ONLY.zip
=954  \\$afile:/data/metadata/staging/consyn-backfiles/S0378377415301748.xml
=955  \\$a/data/metadata/staging/consyn-backfiles/
=961  \\$aUSDA/ARS
=974  \\$aagid:5262775
=983  \\$a2019-04-03
=984  \\$a2022-10-04

