=LDR  06272nab a2200997 u 4500
=001  9916068575907426
=005  20221207131159.0
=008  190613e20181001xx\|||||o|||||||||||eng||
=016  7\$aIND605979878$2DNAL
=024  7\$a10.1016/j.scitotenv.2018.05.116$2doi
=024  7\$a10.1016/j.scitotenv.2018.05.116$2chorus
=035  \\$aagid:5979878-01nal_inst
=040  \\$aAGL$beng$cAGL
=100  1\$aWagena, Moges B.$eauthor$uDepartment of Biological Systems Engineering, Virginia Tech, Blacksburg, VA, USA
=245  10$aImpact of climate change and climate anomalies on hydrologic and biogeochemical processes in an agricultural catchment of the Chesapeake Bay watershed, USA
=300  \\$ap. 1443-1454.
=506  \\$aResource is Open Access
=506  \\$aElsevier BV License Information
=506  \\$aResource is Open Access$uhttp://purl.org/eprint/accessRights/OpenAccess
=506  \\$aCHORUS License Information
=520  \\$aNutrient export from agricultural landscapes is a water quality concern and the cause of mitigation activities worldwide. Climate change impacts hydrology and nutrient cycling by changing soil moisture, stoichiometric nutrient ratios, and soil temperature, potentially complicating mitigation measures. This research quantifies the impact of climate change and climate anomalies on hydrology, nutrient cycling, and greenhouse gas emissions in an agricultural catchment of the Chesapeake Bay watershed. We force a calibrated model with seven downscaled and bias-corrected regional climate models and derived climate anomalies to assess their impact on hydrology and the export of nitrate (NO3-), phosphorus (P), and sediment, and emissions of nitrous oxide (N2O) and di-nitrogen (N2). Model-average (±standard deviation) results indicate that climate change, through an increase in precipitation and temperature, will result in substantial increases in winter/spring flow (10.6 ± 12.3%), NO3- (17.3 ± 6.4%), dissolved P (32.3 ± 18.4%), total P (24.8 ± 16.9%), and sediment (25.2 ± 16.6%) export, and a slight increases in N2O (0.3 ± 4.8%) and N2 (0.2 ± 11.8%) emissions. Conversely, decreases in summer flow (−29.1 ± 24.6%) and the export of dissolved P (−15.5 ± 26.4%), total P (−16.3 ± 20.7%), sediment (−20.7 ± 18.3%), and NO3- (−29.1 ± 27.8%) are driven by greater evapotranspiration from increasing summer temperatures. Decreases in N2O (−26.9 ± 15.7%) and N2 (−36.6 ± 22.9%) are predicted in the summer and driven by drier soils. While the changes in flow are related directly to changes in precipitation and temperature, the changes in nutrient and sediment export are, to some extent, driven by changes in agricultural management that climate change induces, such as earlier spring tillage and altered nutrient application timing and by alterations to nutrient cycling in the soil.
=592  \\$aPublisher supplied data
=593  \\$aPubAg article
=596  \\$cNSF$dhttps://doi.org/10.13039/100000001
=596  \\$cUSDA$dhttps://doi.org/10.13039/100000199
=506  0\$fUnrestricted online access$2star
=650  \3$aagricultural land
=650  \3$aagricultural management
=650  \3$aagricultural watersheds
=650  \3$aapplication timing
=650  \3$abiogeochemical cycles
=650  \3$aclimate
=650  \3$aclimate change
=650  \3$aclimate models
=650  \3$aevapotranspiration
=650  \3$agreenhouse gas emissions
=650  \3$anitrates
=650  \3$anitrous oxide
=650  \3$aphosphorus
=650  \3$asediment transport
=650  \3$asediments
=650  \3$asoil temperature
=650  \3$asoil water
=650  \3$aspring
=650  \3$asummer
=650  \3$atillage
=650  \3$awater quality
=650  \3$awinter
=651  \3$aChesapeake Bay
=651  \3$aUnited States
=653  \0$aClimate change
=653  \0$aGreenhouse gases
=653  \0$aNutrient cycling
=653  \0$aN2O
=653  \0$aN2
=653  \0$aWeather anomalies
=653  \0$aSWAT-VSA
=700  1\$aCollick, Amy S.$eauthor$uDepartment of Agriculture, Food and Resource Sciences, University of Maryland Eastern Shore, Princess Anne, MD, USA
=700  1\$aRoss, Andrew C.$eauthor$uDepartment of Meteorology and Atmospheric Science, The Pennsylvania State University, University Park, PA, USA
=700  1\$aNajjar, Raymond G.$eauthor$uDepartment of Meteorology and Atmospheric Science, The Pennsylvania State University, University Park, PA, USA
=700  1\$aRau, Benjamin$eauthor$uUS Department of Agriculture (USDA), Forest Service, Southern Research Station, Center for Forest Watershed Research, Aiken, SC, USA
=700  1\$aSommerlot, Andrew R.$eauthor$uDepartment of Biological Systems Engineering, Virginia Tech, Blacksburg, VA, USA
=700  1\$aFuka, Daniel R.$eauthor$uDepartment of Biological Systems Engineering, Virginia Tech, Blacksburg, VA, USA
=700  1\$aKleinman, Peter J.A.$eauthor$uUSDA, Agricultural Research Service, Pasture Systems and Watershed Management Research Unit, University Park, PA, USA
=700  1\$aEaston, Zachary M.$eauthor$uDepartment of Biological Systems Engineering, Virginia Tech, Blacksburg, VA, USA$1https://orcid.org/0000-0001-7997-1958
=773  0\$tScience of the total environment.$g2018 Oct. 01, v. 637-638 p.1443-1454$dElsevier B.V.$aElsevier B.V.$wJournal:jnl4455$x0048-9697$7nnas
=787  1\$oislandora_article_repository
=787  1\$oproduct_pubag
=787  1\$o(Journal)jnl4455
=856  40$uhttps://dx.doi.org/10.1016/j.scitotenv.2018.05.116$3Available from publisher's site
=903  \\$aAccepted Manuscript
=912  \\$aArticle
=914  \\$aJournal:jnl4455$b0048-9697$c637-638$e1443
=914  \\$fScience of the total environment
=916  \\$aBatch:2026
=917  \\$aissued
=918  2\$aElsevier Consyn$eprovider$5DNAL
=935  \\$aIND605979878$9ExL
=949  \\$a2020-03-06
=953  \\$a/data/metadata/incoming/consyn/12447-00002-HEAD-ONLY-NEW CONSYN ISSNS.zip
=954  \\$afile:/data/metadata/staging/consyn/S0048969718317595.xml
=955  \\$a/data/metadata/staging/consyn/
=961  \\$aUSDA/ARSUSDA/FS
=974  \\$aagid:5979878
=983  \\$a2019-06-13
=984  \\$a2022-10-04

