=LDR  03856nab a2200829 u 4500
=001  9916069578607426
=005  20221214225010.0
=008  160205e201506\\xx\|||||o|||||||||||eng||
=016  7\$aIND600060947$2DNAL
=024  7\$a10113/60947$2hdl
=024  7\$a303062$2aris
=024  7\$a10.1890/140266$2doi
=024  8\$ans7395
=035  \\$aagid:60947-01nal_inst
=040  \\$aAGL$beng$cAGL
=100  1\$aBriske, David D$eauthor$uDepartment of Ecosystem Science and Management, Texas A&M University, College Station, TX
=245  10$aClimate‐change adaptation on rangelands: linking regional exposure with diverse adaptive capacity
=300  \\$ap. 249-256.
=506  \\$aWorks produced by employees of the U.S. Government as part of their official duties are not copyrighted within the U.S. The content of this document is not copyrighted.
=520  \\$aThe ecological consequences of climate change are predicted to vary greatly throughout US rangelands. Projections show warming and drying in the southern Great Plains and the Southwest, warmer and drier summers with reduced winter snowpack in the Northwest, and warmer and wetter conditions in the northern Great Plains. Primarily through their combined effects on soil water availability, these climatic changes will modify plant production and community composition, which will, in turn, affect the livelihoods of humans who rely upon livestock grazing. The ability of rangeland managers to assess risk and prepare for climate change varies greatly and reflects their different adaptive capacities. Geographically specific exposure to climate change and a diverse adaptive capacity to counteract these changes will require development of varied adaptation strategies that can accommodate the various needs and abilities of livestock managers.
=592  \\$aPublisher supplied data
=593  \\$aPubAg article
=593  \\$cUSDA submission
=594  \\$aEmbargoed article
=593  \\$eARIS manuscript
=650  \3$aair temperature
=650  \3$acommunity structure
=650  \3$adrying
=650  \3$aglobal warming
=650  \3$agrazing
=650  \3$alivestock
=650  \3$amanagers
=650  \3$aplant available water
=650  \3$arain
=650  \3$arangelands
=650  \3$arisk
=650  \3$asnow
=650  \3$asnowpack
=650  \3$asummer
=650  \3$awinter
=651  \3$aUnited States
=700  1\$aJoyce, Linda A$eauthor
=700  1\$aPolley, H Wayne$eauthor
=700  1\$aBrown, Joel R$eauthor
=700  1\$aWolter, Klaus$eauthor
=700  1\$aMorgan, Jack A$eauthor
=700  1\$aMcCarl, Bruce A$eauthor
=700  1\$aBailey, Derek W$eauthor
=773  0\$tFrontiers in Ecology and the Environment.$g2015 June, v. 13, no. 5 p.249-256$dEcological Society of America$wJournal:23083$x1540-9295$7nnas
=787  1\$oislandora_article_repository
=787  1\$oproduct_pubag
=787  1\$o(Journal)23083
=856  40$uhttps://handle.nal.usda.gov/10113/60947$3Available in the National Agricultural Library PubAg search system
=856  40$uhttp://dx.doi.org/10.1890/140266$3Available from publisher's site
=912  \\$aArticle
=914  \\$aJournal:23083$b1540-9295$c13$d5$e249
=914  \\$fFrontiers in Ecology and the Environment
=916  \\$aBatch:959
=917  \\$aissued
=918  2\$aJohn Wiley & Sons, Inc$eprovider$5DNAL
=935  \\$aIND600060947$9ExL
=949  \\$a2015-07-09
=953  \\$a15409295_2015_13_5.xml
=956  \\$aARIS submission$bhttp://submit-u.nal.usda.gov/system/files/submissions/briske%20et%20al%202015.pdf
=961  \\$aUSDA
=962  \\$aUSDA Scientist Submission
=962  \\$aBatch:959 reviewed on 2015-07-08T16:00:03Z
=962  \\$aBatch:959 reviewed on 2015-07-09T04:00:06Z
=974  \\$aagid:60947
=983  \\$a2016-02-05
=984  \\$a2016-02-05
=986  \\$ans7395

