=LDR  04936nab a2200805 u 4500
=001  9916069618207426
=005  20221123002008.0
=008  190215e201601\\xx\|||||o|||||||||||eng||
=016  7\$aIND606056463$2DNAL
=024  7\$a10.1016/j.biocon.2015.10.010$2chorus
=024  7\$a10.1016/j.biocon.2015.10.010$2doi
=035  \\$aagid:6056463-01nal_inst
=040  \\$aAGL$beng$cAGL
=100  1\$aPhillips-Mao, Laura$eauthor$uDepartment of Fisheries, Wildlife and Conservation Biology, University of Minnesota, 135 Skok Hall, 2003 Upper Buford Circle, Saint Paul, MN 55108, USA
=245  10$aModel-based scenario planning to develop climate change adaptation strategies for rare plant populations in grassland reserves
=300  \\$ap. 103-114.
=520  \\$aIncorporating climate change into conservation decision-making at site and population scales is challenging due to uncertainties associated with localized climate change impacts and population responses to multiple interacting impacts and adaptation strategies. We explore the use of spatially explicit population models to facilitate scenario analysis, a conservation planning approach for situations of high uncertainty. We developed dynamic, linked habitat suitability and metapopulation models using RAMAS GIS to consider management and monitoring options for a grassland reserve in Minnesota (USA) in order to support a hydrologically sensitive rare orchid (Cypripedium candidum). We evaluated 54 future scenarios combining changes in drought frequency, increased depth to water table, and multiple configurations of increased invasive species cover and management. Simulation results allowed us to prioritize adaptation strategies and monitoring guidelines to inform adaptive management for our model system. For example, preventing further spread of invasive species into the current C. candidum population is an important low-risk resilience strategy for this site. However, under more serious climate change scenarios, higher-risk strategies, such as protecting critical recharge areas, become essential. Additionally, allocating limited monitoring resources toward detecting changes in depth to water table and assessing C. candidum population responses to severe drought will more efficiently inform decisions about when to shift from low-risk resilience approaches to higher-risk resistance and facilitation strategies. Applying this scenario-based modeling approach to other high-priority populations will enable conservation decision-makers to develop sound, cost-effective, site-specific management and monitoring protocols despite the uncertainties of climate change.
=592  \\$aPublisher supplied data
=593  \\$aPubAg article
=596  \\$cNorthern Research Station
=596  \\$cU.S. Forest Service
=650  \3$aCypripedium
=650  \3$aadaptive management
=650  \3$aclimate change
=650  \3$acost effectiveness
=650  \3$adecision making
=650  \3$adrought
=650  \3$ageographic information systems
=650  \3$agrasslands
=650  \3$ahabitats
=650  \3$ainvasive species
=650  \3$amodels
=650  \3$amonitoring
=650  \3$anatural resources conservation
=650  \3$aplanning
=650  \3$aplants (botany)
=650  \3$aprotocols
=650  \3$arare species
=650  \3$auncertainty
=650  \3$awater table
=651  \3$aMinnesota
=653  \0$aCypripedium candidum
=653  \0$aHabitat suitability
=653  \0$aMetapopulation model
=653  \0$aMonitoring
=653  \0$aInvasion
=653  \0$aRare plants
=700  1\$aGalatowitsch, Susan M.$eauthor$uDepartment of Fisheries, Wildlife and Conservation Biology, University of Minnesota, 135 Skok Hall, 2003 Upper Buford Circle, Saint Paul, MN 55108, USA
=700  1\$aSnyder, Stephanie A.$eauthor$uUSDA Forest Service, Northern Research Station, 1992 Folwell Avenue, St. Paul, MN 55108, USA
=700  1\$aHaight, Robert G.$eauthor$uUSDA Forest Service, Northern Research Station, 1992 Folwell Avenue, St. Paul, MN 55108, USA
=773  0\$tBiological conservation.$g2016 Jan., v. 193 p.103-114$dElsevier Ltd$wJournal:jnl44607$x0006-3207$7nnas
=787  1\$oislandora_article_repository
=787  1\$oproduct_pubag
=787  1\$o(Journal)jnl44607
=856  40$uhttps://dx.doi.org/10.1016/j.biocon.2015.10.010$3Available from publisher's site
=912  \\$aArticle
=914  \\$aJournal:jnl44607$b0006-3207$c193$e103
=914  \\$fBiological conservation
=916  \\$aBatch:2050
=917  \\$aissued
=918  2\$aElsevier Consyn$eprovider$5DNAL
=935  \\$aIND606056463$9ExL
=949  \\$a2019-02-15
=953  \\$a/data/metadata/incoming/consyn/46-2-00002-HEAD-ONLY.zip
=954  \\$afile:/data/metadata/staging/consyn/S000632071530135X.xml
=955  \\$a/data/metadata/staging/consyn/
=961  \\$aUSDA/FS
=974  \\$aagid:6056463
=983  \\$a2019-02-15
=984  \\$a2022-09-02

