=LDR  05191nab a2200829 u 4500
=001  9916070130007426
=005  20221120033102.0
=008  130709e201206\\xx\|||||o|||||||||||eng||
=016  7\$aIND500680276$2DNAL
=024  7\$a10113/57033$2hdl
=024  7\$a10.3996/032011-JFWM-020$2doi
=024  8\$ans2364
=035  \\$aagid:57033-01nal_inst
=040  \\$aAGL$beng$cAGL
=100  1\$aLoesch, Charles R.$eauthor
=245  13$aAn Assessment of Re-Directing Breeding Waterfowl Conservation Relative to Predictions of Climate Change
=300  \\$ap. 1-22.
=506  \\$aWorks produced by employees of the U.S. Government as part of their official duties are not copyrighted within the U.S. The content of this document is not copyrighted.
=520  \\$aThe U.S. Fish and Wildlife Service has a long history of habitat conservation in the Prairie Pothole Region (PPR) of the United States that has focused on migratory birds, particularly waterfowl. The ongoing acquisition program of the U.S. Fish and Wildlife Service National Wildlife Refuge System has conserved approximately 1.1 million hectares of critical breeding waterfowl habitat. Results of recent predicted future climate scenarios are being used to suggest that waterfowl conservation be shifted away from currently important areas in the western and central portions of the U.S. PPR eastward, to locations where wetland and climate models suggest may become more conducive for providing wetland habitat for breeding ducks in the future. We used 24 years of breeding waterfowl and wetland monitoring data collected by the U.S. Fish and Wildlife Service National Wildlife Refuge System in the PPR of North and South Dakota and northeast Montana, along with land value and restoration cost data to conduct an economic assessment of the biological risk of refocusing waterfowl conservation efforts eastward due to recent projections of climate change. We considered the immediate risk of the loss of existing wetland and grassland resources in the western portion of the U.S. PPR, their current carrying capacity and production potential, the financial cost of protection vs. restoration relative to current conservation priorities, and the uncertainty of climate change effects on waterfowl habitat distribution. Because unprotected wetland and grassland habitats exist in the western and central portions of the PPR that are important for maintaining current waterfowl carrying capacity and productivity, and climate change effects are highly uncertain, maintaining the current focus of habitat protection appears to be the most cost effective approach for waterfowl habitat conservation efforts. Additionally, continued intensive monitoring activities designed to detect changing waterfowl populations and upland and wetland habitat as they relate to anthropogenic impacts (e.g., pattern tile drainage, grassland conversion) and climatic changes (e.g., wetland hydro-period), should provide more precise results to inform and adapt management and conservation activities accordingly should spatial and temporal changes in wet-dry cycles occur in the future.
=593  \\$aPubAg article
=593  \\$cUSDA submission
=650  \3$abreeding
=650  \3$abreeding sites
=650  \3$acarrying capacity
=650  \3$aclimate
=650  \3$aclimate change
=650  \3$aclimate models
=650  \3$aconservation areas
=650  \3$aducks
=650  \3$agrasslands
=650  \3$ahabitat conservation
=650  \3$ahabitats
=650  \3$ahighlands
=650  \3$aland restoration
=650  \3$arisk
=650  \3$arisk assessment
=650  \3$atemporal variation
=650  \3$atile drainage
=650  \3$auncertainty
=650  \3$awaterfowl
=650  \3$awet-dry cycles
=650  \3$awetlands
=650  \3$awildlife management
=651  \3$aMontana
=651  \3$aNorth Dakota
=651  \3$aPrairie Pothole region
=651  \3$aSouth Dakota
=700  1\$aReynolds, Ronald E.$eauthor
=700  1\$aHansen, LeRoy T.$eauthor
=773  0\$tJournal of Fish and Wildlife Management.$g2012 June, v. 3, no. 1 p.1-22$wJournal:28326$x1944-687X$7nnas
=787  1\$oislandora_article_repository
=787  1\$oproduct_pubag
=787  1\$oislandora_pubag_with_text
=787  1\$o(Journal)28326
=856  40$uhttps://handle.nal.usda.gov/10113/57033$3Available in the National Agricultural Library PubAg search system
=856  40$uhttp://dx.doi.org/10.3996/032011-JFWM-020
=912  \\$aArticle
=914  \\$aJournal:28326$c3$d1$e1
=914  \\$fJournal of Fish and Wildlife Management
=917  \\$aissued
=935  \\$aIND500680276$9ExL
=949  \\$a2013-08-14
=956  \\$aARIS submission$bhttp://submit-u.nal.usda.gov/system/files/submissions/Loesch_JFWM-June-2012.pdf
=961  \\$aUSDA
=962  \\$aUSDA Scientist Submission
=962  \\$aBatch:303 annotated on 2013-08-06T15:12:48Z
=962  \\$aBatch:303 reviewed on 2013-08-14T14:00:02Z
=974  \\$aagid:57033
=983  \\$a2013-07-09
=984  \\$a2016-08-16
=985  \\$aUSDA submission converted from Drupal to MODS version 3.4 using submission2mods.xsl (Revision 1.XXX 2012/012/28)
=986  \\$ans2364

