=LDR  04654nab a2200685 u 4500
=001  9916071657907426
=005  20221207134458.0
=008  200424e201801\\xx\|||||o|||||||||||eng||
=016  7\$aIND605866421$2DNAL
=024  7\$a10.1007/s00027-017-0557-9$2doi
=024  7\$aPMC5854952$2pmcid
=024  7\$a29556118$2pmid
=035  \\$aagid:5866421-01nal_inst
=040  \\$aAGL$beng$cAGL
=100  1\$aFullerton, A. H.$eauthor$uFish Ecology Division, Northwest Fisheries Science Center, National Marine Fisheries Service, NOAA, 2725 Montlake Blvd E, Seattle, WA, 98112, USA. aimee.fullerton@noaa.gov
=245  10$aLongitudinal thermal heterogeneity in rivers and refugia for coldwater species: effects of scale and climate change
=300  \\$ap. 3.
=506  \\$aResource is Open Access$uhttp://purl.org/eprint/accessRights/OpenAccess
=520  \\$aClimate-change driven increases in water temperature pose challenges for aquatic organisms. Predictions of impacts typically do not account for fine-grained spatiotemporal thermal patterns in rivers. Patches of cooler water could serve as refuges for anadromous species like salmon that migrate during summer. We used high-resolution remotely sensed water temperature data to characterize summer thermal heterogeneity patterns for 11,308 km of second-seventh-order rivers throughout the Pacific Northwest and northern California (USA). We evaluated (1) water temperature patterns at different spatial resolutions, (2) the frequency, size, and spacing of cool thermal patches suitable for Pacific salmon (i.e., contiguous stretches ≥ 0.25 km, ≤ 15 °C and ≥ 2 °C, aooler than adjacent water), and (3) potential influences of climate change on availability of cool patches. Thermal heterogeneity was nonlinearly related to the spatial resolution of water temperature data, and heterogeneity at fine resolution (< 1 km) would have been difficult to quantify without spatially continuous data. Cool patches were generally > 2.7 and < 13.0 km long, and spacing among patches was generally > 5.7 and < 49.4 km. Thermal heterogeneity varied among rivers, some of which had long uninterrupted stretches of warm water ≥ 20 °C, and others had many smaller cool patches. Our models predicted little change in future thermal heterogeneity among rivers, but within-river patterns sometimes changed markedly compared to contemporary patterns. These results can inform long-term monitoring programs as well as near-term climate-adaptation strategies.
=592  \\$aPublisher supplied data
=593  \\$aPubAg article
=596  \\$aF14AC00600$cNorth Pacific Landscape Conservation Cooperative
=506  0\$fUnrestricted online access$2star
=650  \3$aOncorhynchus
=650  \3$aanadromous fish
=650  \3$aclimate change
=650  \3$amodels
=650  \3$amonitoring
=650  \3$aprediction
=650  \3$arefuge habitats
=650  \3$arivers
=650  \3$asalmon
=650  \3$asummer
=650  \3$awater temperature
=651  \3$aCalifornia
=700  1\$aTorgersen, C. E.$eauthor$uU.S. Geological Survey, Forest and Rangeland Ecosystem Science Center, Cascadia Field Station, University of Washington, Seattle, WA, USA
=700  1\$aLawler, J. J.$eauthor$uSchool of Environmental and Forest Sciences, University of Washington, Seattle, WA, USA
=700  1\$aSteel, E. A.$eauthor$uPacific Northwest Research Station, USDA Forest Service, Seattle, WA, USA
=700  1\$aEbersole, J. L.$eauthor$uNational Health and Environmental Effects Research Laboratory, Western Ecology Division, U.S. Environmental Protection Agency, Corvallis, OR, USA
=700  1\$aLee, S. Y.$eauthor$uClimate Impacts Group, University of Washington, Seattle, WA, USA
=773  0\$tAquatic sciences.$g2018 Jan., v. 80, no. 1 p.3-3$dSpringer International Publishing$wJournal:J000000051$x1015-1621$7nnas
=787  1\$oislandora_article_repository
=787  1\$oproduct_pubag
=787  1\$o(Journal)J000000051
=856  40$uhttps://dx.doi.org/10.1007/s00027-017-0557-9$3Available from publisher's site
=912  \\$aArticle
=914  \\$aJournal:J000000051$b1015-1621$c80$d1$e3
=914  \\$fAquatic sciences
=916  \\$aBatch:1895
=917  \\$aissued
=918  2\$aSpringer$eprovider$5DNAL
=935  \\$aIND605866421$9ExL
=949  \\$a2020-05-15
=953  \\$a/data/metadata/incoming/springer/ftp_PUB_20-04-24_06-38-53.zip
=954  \\$afile:/data/metadata/staging/springer/00027-80-1.xml
=955  \\$a/data/metadata/staging/springer/
=961  \\$aUSDA/FS
=974  \\$aagid:5866421
=983  \\$a2020-04-24
=984  \\$a2020-04-24

