=LDR  04176nab a2200625 u 4500
=001  9916072064507426
=005  20221120192226.0
=008  200207e201909\\xx\|||||o|||||||||||eng||
=016  7\$aIND606724152$2DNAL
=024  7\$a10.1007/s10584-019-02491-w$2doi
=035  \\$aagid:6724152-01nal_inst
=040  \\$aAGL$beng$cAGL
=100  1\$aHenareh Khalyani, Azad$eauthor$uNatural Resource Ecology Laboratory, Colorado State University, 1499 Campus Delivery, Fort Collins, CO, 80523, USA. ahenareh@mtu.edu$1https://orcid.org/0000-0003-1963-9384
=245  10$aClimate change increases potential plant species richness on Puerto Rican uplands
=300  \\$ap. 15-30.
=520  \\$aModeling climate change effects on species and communities is critical especially in isolated islands. We analyzed the potential effects of climate change on 200 plant species in Puerto Rico under two emission scenarios and in four periods over the twenty-first century. Our approach was based on ensemble bioclimatic modeling using eight modeling algorithms and community richness analysis. Our findings showed that the probabilities of environmental suitability decline for wet climate species and increase for drier and warm climate species in the future periods under both emission scenarios, with stronger effects under the higher emission scenario. Expansion of dry climate species to higher elevations appears to be a prominent response of species to climatic change in the island based on changes in environmental suitability but the actual species redistribution will be influenced by their life histories, potential adaptation, dispersal abilities, species introductions, and species interactions. This potential movement leads to a spatial pattern of species richness at site level that shows a positive relationship with elevation, which becomes stronger in the later periods of the century. The spatial pattern of species richness, if combined with single species projections, can provide critical information for conservation management in the island. Conservation management can support island-wide biological diversity by protecting the wet climate species on the uplands.
=592  \\$aPublisher supplied data
=593  \\$aPubAg article
=596  \\$a16-JV-11120101-012 MOD01$cUSDA Caribbean Climate Hub
=650  \3$aalgorithms
=650  \3$aaltitude
=650  \3$aclimate change
=650  \3$adry climates
=650  \3$ahighlands
=650  \3$aintroduced species
=650  \3$aislands
=650  \3$alife history
=650  \3$amodels
=650  \3$aspecies richness
=651  \3$aPuerto Rico
=700  1\$aGould, William A.$eauthor$uInternational Institute of Tropical Forestry, USDA Forest Service, San Juan, PR, USA
=700  1\$aFalkowski, Michael J.$eauthor$uNatural Resource Ecology Laboratory, Colorado State University, 1499 Campus Delivery, Fort Collins, CO, 80523, USA
=700  1\$aMuscarella, Robert$eauthor$uDepartment of Bioscience - Ecoinformatics and Biodiversity, Aarhus University, Aarhus, Denmark
=700  1\$aUriarte, María$eauthor$uDepartment of Ecology, Evolution and Environmental Biology, Columbia University, New York, NY, USA
=700  1\$aYousef, Foad$eauthor$uFoad Yousef, Department of Biology, Westminster College, Salt Lake City, UT, USA
=773  0\$tClimatic change.$g2019 Sept., v. 156, no. 1-2 p.15-30$dSpringer Netherlands$wJournal:jnl8952$x0165-0009$7nnas
=787  1\$oislandora_article_repository
=787  1\$oproduct_pubag
=787  1\$o(Journal)jnl8952
=856  40$uhttps://dx.doi.org/10.1007/s10584-019-02491-w$3Available from publisher's site
=912  \\$aArticle
=914  \\$aJournal:jnl8952$b0165-0009$c156$d1-2$e15
=914  \\$fClimatic change
=916  \\$aBatch:2359
=917  \\$aissued
=918  2\$aSpringer$eprovider$5DNAL
=935  \\$aIND606724152$9ExL
=949  \\$a2020-01-22
=953  \\$a/data/metadata/incoming/springer/ftp_PUB_20-02-06_06-03-53.zip
=954  \\$afile:/data/metadata/staging/springer/10584-156-1-2.xml
=955  \\$a/data/metadata/staging/springer/
=961  \\$aUSDA/FS
=974  \\$aagid:6724152
=983  \\$a2020-02-07
=984  \\$a2020-02-07

