=LDR  05155nab a2200697 u 4500
=001  9916072099907426
=005  20221120232902.0
=008  200207e201909\\xx\|||||o|||||||||||eng||
=016  7\$aIND606724165$2DNAL
=024  7\$a10.1007/s10584-019-02524-4$2doi
=035  \\$aagid:6724165-01nal_inst
=040  \\$aAGL$beng$cAGL
=100  1\$aZhou, Decheng$eauthor$uJoint International Research Laboratory of Climate and Environment Change (ILCEC)/Jiangsu Key Laboratory of Agricultural Meteorology, Nanjing University of Information Science and Technology, Nanjing, 210044, China
=245  10$aPotential impacts of climate change on vegetation dynamics and ecosystem function in a mountain watershed on the Qinghai-Tibet Plateau
=300  \\$ap. 31-50.
=520  \\$aThe Qinghai-Tibet Plateau constitutes unique mountain ecosystems that can be used for early detection of the impacts of climate change on ecosystem functions. We use the MAPSS-CENTURY 2 (MC2), a dynamic global vegetation model, to examine the potential responses of terrestrial ecosystems to climate change in the past (1961-2010) and future (2011-2080) under one medium-low warming scenario (RCP4.5) at a 1-km spatial resolution in the Upper Heihe River Basin (UHRB), northwestern China. Results showed that 21.4% of the watershed area has experienced changes in potential natural vegetation types in the past and that 42.6% of the land would undergo changes by the 2070s, characterized by a sharp increase in alpine tundra at the cost of cold barren land. Net primary productivity (NPP) and heterotrophic respiration (RH) have increased sharply since the mid-1980s and are projected to remain at reduced rates in the future. Overall, UHRB switched from carbon neutral to a carbon sink in 1961-2010, and the sink strength is projected to decline after 2040. Additionally, future climate change is projected to drive a decrease in water yield due to a slight decrease in precipitation and an increase in evapotranspiration (ET). Furthermore, we find large spatial variations in simulated ecosystem dynamics, including an upward trend of NPP, RH, and ET in the alpine zone, but a downward trend in the mid-elevation forest zone. These results underscore the complexity of potential impacts of climate change on mountain watersheds that represent the headwaters of inland river systems in an arid environment.
=592  \\$aPublisher supplied data
=593  \\$aPubAg article
=596  \\$a91425301$cNatural Science Foundation of China
=650  \3$aalpine tundra
=650  \3$acarbon
=650  \3$acarbon sinks
=650  \3$aclimate change
=650  \3$acold
=650  \3$adry environmental conditions
=650  \3$aecological function
=650  \3$aevapotranspiration
=650  \3$aforests
=650  \3$amodels
=650  \3$anet primary productivity
=650  \3$arivers
=650  \3$aterrestrial ecosystems
=650  \3$awater yield
=650  \3$awatersheds
=651  \3$aChina
=700  1\$aHao, Lu$eauthor$uJoint International Research Laboratory of Climate and Environment Change (ILCEC)/Jiangsu Key Laboratory of Agricultural Meteorology, Nanjing University of Information Science and Technology, Nanjing, 210044, China. haolu@nuist.edu.cn
=700  1\$aKim, John B.$eauthor$uPacific Northwest Research Station, USDA Forest Service, Corvallis, OR, 97331, USA$1https://orcid.org/0000-0002-3720-7916
=700  1\$aLiu, Peilong$eauthor$uJoint International Research Laboratory of Climate and Environment Change (ILCEC)/Jiangsu Key Laboratory of Agricultural Meteorology, Nanjing University of Information Science and Technology, Nanjing, 210044, China
=700  1\$aPan, Cen$eauthor$uJoint International Research Laboratory of Climate and Environment Change (ILCEC)/Jiangsu Key Laboratory of Agricultural Meteorology, Nanjing University of Information Science and Technology, Nanjing, 210044, China
=700  1\$aLiu, Yongqiang$eauthor$uCenters for Forest Disturbance Science, Southern Research Station, USDA Forest Service, Athens, GA, 30602, USA
=700  1\$aSun, Ge$eauthor$uEastern Forest Environmental Threat Assessment Center, Southern Research Station, USDA Forest Service, Research Triangle Park, NC, 27709, USA$1https://orcid.org/0000-0003-3665-3313
=773  0\$tClimatic change.$g2019 Sept., v. 156, no. 1-2 p.31-50$dSpringer Netherlands$wJournal:jnl8952$x0165-0009$7nnas
=787  1\$oislandora_article_repository
=787  1\$oproduct_pubag
=787  1\$o(Journal)jnl8952
=856  40$uhttps://dx.doi.org/10.1007/s10584-019-02524-4$3Available from publisher's site
=912  \\$aArticle
=914  \\$aJournal:jnl8952$b0165-0009$c156$d1-2$e31
=914  \\$fClimatic change
=916  \\$aBatch:2359
=917  \\$aissued
=918  2\$aSpringer$eprovider$5DNAL
=935  \\$aIND606724165$9ExL
=949  \\$a2020-01-22
=953  \\$a/data/metadata/incoming/springer/ftp_PUB_20-02-06_06-03-53.zip
=954  \\$afile:/data/metadata/staging/springer/10584-156-1-2.xml
=955  \\$a/data/metadata/staging/springer/
=961  \\$aUSDA/FS
=974  \\$aagid:6724165
=983  \\$a2020-02-07
=984  \\$a2020-02-07

