=LDR  05711nab a2200961 u 4500
=001  9916072798307426
=005  20221214231448.0
=008  200226e20161102xx\|||||o|||||||||||eng||
=016  7\$aIND605852171$2DNAL
=024  7\$a326612$2aris
=024  7\$a10113/5852171$2hdl
=024  7\$a10.3920/WMJ2016.2053$2doi
=024  8\$ans13413
=035  \\$aagid:5852171-01nal_inst
=040  \\$aAGL$beng$cAGL
=100  1\$aVaughan, M.$eauthor$uUnited States Department of Agriculture, Agricultural Research Service, Mycotoxin Prevention and Applied Microbiology Unit, National Center for Agricultural Utilization Research, 1815 North University Street, Peoria, IL 61604, USA
=245  10$aClimate change impacts on the ecology of Fusarium graminearum species complex and susceptibility of wheat to Fusarium head blight: a review
=300  \\$ap. 685-700.
=506  \\$aWorks produced by employees of the U.S. Government as part of their official duties are not copyrighted within the U.S. The content of this document is not copyrighted.
=520  \\$aFusarium head blight (FHB) of wheat, caused mainly by a few members of the Fusarium graminearum species complex (FGSC), is a major threat to agricultural grain production, food safety, and animal health. The severity of disease epidemics and accumulation of associated trichothecene mycotoxins in wheat kernels is strongly driven by meteorological factors. The potential impacts of change in climate are reviewed from the perspective of the FGSC life cycle and host resistance mechanisms influenced by abiotic pressures at the ecological, physiological and molecular level. Alterations in climate patterns and cropping systems may affect the distribution, composition and load of FGSC inoculum, but quantitative information is lacking regarding the differential responses among FGSC members. In general, the coincidence of wet and warm environment during flowering enhances the risk of FHB epidemics, but the magnitude and direction of the change in FHB and mycotoxin risk will be a consequence of a multitude of effects on key processes affecting inoculum dynamics and host susceptibility. Rates of residue decomposition, inoculum production and dispersal may be significantly altered by changes in crop rotations, atmospheric carbon dioxide concentration ([CO₂]), temperature and precipitation patterns, but the impact may be much greater for regions where inoculum is more limited, such as temperate climates. In regions of non-limiting inoculum, climate change effects will likely be greater on the pathogenic rather than on the saprophytic phase. Although the mechanisms by which abiotic stress influences wheat defences against Fusarium species are unknown, available data would suggest that wheat may be more susceptible to Fusarium infection under future climate conditions. Additional research in this area should be a priority so that breeding efforts and climate resilient management strategies can be developed.
=592  \\$aPublisher supplied data
=593  \\$aPubAg article
=595  \\$a1534$bksichelman$c2017-11-15$dmanager-lgarner$e2017-11-16
=593  \\$eARIS manuscript
=650  \3$aFusarium graminearum
=650  \3$aFusarium head blight
=650  \3$aabiotic stress
=650  \3$aanimal health
=650  \3$aatmospheric precipitation
=650  \3$abreeding
=650  \3$acarbon dioxide
=650  \3$aclimate change
=650  \3$acrop production
=650  \3$acrop rotation
=650  \3$adisease outbreaks
=650  \3$aflowering
=650  \3$afood safety
=650  \3$ahost-pathogen relationships
=650  \3$ainoculum
=650  \3$alife cycle (organisms)
=650  \3$aresistance mechanisms
=650  \3$arisk
=650  \3$asaprophytes
=650  \3$aseeds
=650  \3$atemperate zones
=650  \3$atemperature
=650  \3$atrichothecenes
=650  \3$awarm season
=650  \3$awet season
=650  \3$awheat
=653  \0$aTriticum aestivum
=653  \0$aglobal change
=653  \0$awheat scab
=653  \0$atrichothecene
=653  \0$adeoxynivalenol
=700  1\$aBackhouse, D.$eauthor$uSchool of Environmental and Rural Science, University of New England, Armidale NSW 2351, Australia
=700  1\$aPonte, E.M. Del$eauthor$uDepartamento de Fitopatologia, Campus Universitário s/n, Universidade Federal de Viçosa, 36570-000, Viçosa, MG, Brazil
=773  0\$tWorld mycotoxin journal.$g2016 Nov. 2, v. 9, no. 5 p.685-700$dWageningen Academic Publishers$wJournal:jnl4395724$x1875-0796$7nnas
=787  1\$oislandora_article_repository
=787  1\$oproduct_pubag
=787  1\$o(Journal)jnl4395724
=856  40$uhttps://handle.nal.usda.gov/10113/5852171$3Available in the National Agricultural Library PubAg search system
=856  40$uhttps://dx.doi.org/10.3920/WMJ2016.2053$3Available from publisher's site
=912  \\$aArticle
=914  \\$aJournal:jnl4395724$c9$d5$e685
=914  \\$fWorld mycotoxin journal
=916  \\$aBatch:1885
=917  \\$aissued
=918  2\$aWageningen Academic Publishers$eprovider$5DNAL
=935  \\$aIND605852171$9ExL
=949  \\$a2018-02-08
=953  \\$a/data/metadata/incoming/wagen/WMJv9i5-02250342-125115.zip
=954  \\$afile:/data/metadata/staging/wagen/wmj2016.2053.xml
=955  \\$a/data/metadata/staging/wagen/
=956  \\$aARIS submission$bhttps://submit.nal.usda.gov/system/files/submissions/11102.pdf
=961  \\$aUSDA/ARS
=962  \\$aUSDA Scientist Submission
=962  \\$aUSDA Scientist Submission, eISSN 1875-0796
=962  \\$aBatch:1885 reviewed on 2018-02-08T16:00:03Z
=974  \\$aagid:5852171
=983  \\$a2020-02-26
=984  \\$a2020-02-26
=986  \\$ans13413

