=LDR  05876nab a2200949 u 4500
=001  9916073872307426
=005  20221207131028.0
=008  200318e202001\\xx\|||||o|||||||||||eng||
=016  7\$aIND606748159$2DNAL
=024  7\$a10.1016/j.rse.2019.111477$2chorus
=024  7\$a10.1016/j.rse.2019.111477$2doi
=035  \\$aagid:6748159-01nal_inst
=040  \\$aAGL$beng$cAGL
=100  1\$aQiu, Tong$eauthor$uDepartment of Geography, University of North Carolina at Chapel Hill, Chapel Hill, NC, 27599, USA
=245  10$aUrbanization and climate change jointly shift land surface phenology in the northern mid-latitude large cities
=506  \\$aResource is Open Access
=506  \\$aElsevier BV License Information
=506  \\$aResource is Open Access$uhttp://purl.org/eprint/accessRights/OpenAccess
=506  \\$aCHORUS License Information
=520  \\$aLand surface phenology (LSP) has been widely used as the "footprint" of urbanization and global climate change. Shifts of LSP have cascading effects on food production, carbon sequestration, water consumption, biodiversity, and public health. Previous studies mainly focused on investigating the effects of urbanization on the spatial patterns of LSP by comparing phenological metrics, e.g. start of season (SOS) and end of season (EOS), between urban center and the surrounding rural regions. However, it remains unclear how urbanization-induced land cover conversions and climate change jointly influence the temporal variations of SOS and EOS within the urban ecosystem. To fill this knowledge gap, we utilized daily two-band enhanced vegetation index, daily meteorological record, and annual land cover dataset to investigate the respective impacts of urbanization and climate change on temporal shifts of LSP between the post- and the pre-urbanization periods over 196 large cities in the northern mid-latitudes. We found 51% of the cities experienced an advanced SOS with an average of −6.39 ± 5.82 days after urbanization has occurred, while the remaining 49% of the cities had a delayed SOS with an average of 7.56 ± 5.63 days. We also found a later EOS at 53% of the cities and an earlier EOS at 47% of the cities with an average of 8.43 ± 7.59 and −5.57 ± 4.99 days between the post- and pre-urbanization periods, respectively. Multiple linear regression analysis indicates that climate variables (i.e. temperature, precipitation, and insolation) play dominant roles in regulating the temporal shifts of LSP. Furthermore, the earlier SOS and later EOS were significantly correlated with the amplitude of urbanization (i.e. increase of impervious surface area) in cities after controlling for effects of climate factors. These patterns were generally consistent across eight climate zones. Our findings provide critical information in modeling natural and anthropogenic effects on urban ecosystem, with important benefits for urban sustainability and biodiversity conservation.
=592  \\$aPublisher supplied data
=593  \\$aPubAg article
=596  \\$cNASA$dhttps://doi.org/10.13039/100000104
=596  \\$cNSF$dhttps://doi.org/10.13039/100000001
=596  \\$cU.S. Forest Service$dhttps://doi.org/10.13039/100006959
=596  \\$cUniversity of North Carolina at Chapel Hill$dhttps://doi.org/10.13039/100007890
=506  0\$fUnrestricted online access$2star
=650  \3$aanthropogenic activities
=650  \3$abiodiversity
=650  \3$abiodiversity conservation
=650  \3$acarbon sequestration
=650  \3$acities
=650  \3$aclimate change
=650  \3$aclimatic factors
=650  \3$aclimatic zones
=650  \3$afood production
=650  \3$aland cover
=650  \3$alatitude
=650  \3$ameteorological data
=650  \3$amodels
=650  \3$aphenology
=650  \3$apublic health
=650  \3$aregression analysis
=650  \3$aremote sensing
=650  \3$arural areas
=650  \3$asolar radiation
=650  \3$asurface area
=650  \3$atemperature
=650  \3$atemporal variation
=650  \3$aurban areas
=650  \3$aurbanization
=650  \3$avegetation index
=653  \0$aLand surface phenology
=653  \0$aClimate change
=653  \0$aUrbanization
=653  \0$aTwo-band enhanced vegetation index
=700  1\$aSong, Conghe$eauthor$uDepartment of Geography, University of North Carolina at Chapel Hill, Chapel Hill, NC, 27599, USA
=700  1\$aZhang, Yulong$eauthor$uDepartment of Geography, University of North Carolina at Chapel Hill, Chapel Hill, NC, 27599, USA
=700  1\$aLiu, Hongsheng$eauthor$uDepartment of Statistics and Operations Research, University of North Carolina at Chapel Hill, Chapel Hill, NC, 27599, USA
=700  1\$aVose, James M.$eauthor$uCenter for Integrated Forest Science, USDA Forest Service, Southern Research Station, Research Triangle Park, NC, 27709, USA
=773  0\$tRemote sensing of environment.$g2020 Jan., v. 236 p.111477-$dElsevier Inc.$aElsevier Inc.$wJournal:11735$x0034-4257$7nnas
=787  1\$oislandora_article_repository
=787  1\$oproduct_pubag
=787  1\$o(Journal)11735
=856  40$uhttps://dx.doi.org/10.1016/j.rse.2019.111477$3Available from publisher's site
=903  \\$aAccepted Manuscript
=912  \\$aArticle
=914  \\$aJournal:11735$b0034-4257
=914  \\$fRemote sensing of environment
=916  \\$aBatch:2391
=916  \\$aBatch:2393
=917  \\$aissued
=918  2\$aElsevier Consyn$eprovider$5DNAL
=935  \\$aIND606748159$9ExL
=949  \\$a2020-01-08
=953  \\$a/data/metadata/incoming/consyn/880379657093315729-00002-HEAD-ONLY-NEW CONSYN ISSNS.zip
=954  \\$afile:/data/metadata/staging/consyn/S0034425719304961.xml
=955  \\$a/data/metadata/staging/consyn/
=961  \\$aUSDA/FS
=974  \\$aagid:6748159
=983  \\$a2020-03-18
=984  \\$a2022-10-04

