=LDR  03795nab a2200721 u 4500
=001  9916074282707426
=005  20221214225025.0
=008  180228e20140203xx\|||||o|||||||||||eng||
=016  7\$aIND605927837$2DNAL
=024  7\$a10113/5927837$2hdl
=024  7\$a287025$2aris
=024  7\$a10.1111/j.1936-704X.2013.03154.x$2doi
=035  \\$aagid:5927837-01nal_inst
=040  \\$aAGL$beng$cAGL
=100  1\$aRango, Albert$eauthor$uUSDA, Las Cruces, NM
=245  10$aAcequias and the Effects of Climate Change
=300  \\$ap. 84-94.
=506  \\$aWorks produced by employees of the U.S. Government as part of their official duties are not copyrighted within the U.S. The content of this document is not copyrighted.
=520  \\$aTraditional forms of acequia irrigation can be combined with ground based and remote sensing snow measurements and snowmelt runoff modeling to better estimate runoff volumes now and in the future under conditions of climate change. The experience gained over 400 years of irrigating small fields strongly binds communities and strengthens the resolve of acequia associations to contest challenges presented by climate change. Increased density of snow measurements in high elevations of the Rio Grande along with input of real-time data to snowmelt models has led to an improved potential for acequia decision making under the increased temperatures projected for the future by climate models. Acequia communities and similar Native American settlements have shown the willingness to share water during times of severe water shortages in the southwestern U.S. Acequia associations have shown the desire to adopt new forms of hydrologic data and modeling techniques and incorporate them into acequia association approaches.
=592  \\$aPublisher supplied data
=593  \\$aPubAg article
=595  \\$bllucas$c2018-04-24$dmanager-lgarner$e2018-04-24
=593  \\$eARIS manuscript
=650  \3$aaltitude
=650  \3$aclimate change
=650  \3$aclimate models
=650  \3$adecision making
=650  \3$ahydrologic data
=650  \3$airrigation
=650  \3$aremote sensing
=650  \3$arunoff
=650  \3$asnow
=650  \3$asnowmelt
=650  \3$atemperature
=650  \3$awater shortages
=651  \3$aNew Mexico
=700  1\$aFernald, Alexander$eauthor$uNew Mexico State University, Las Cruces, NM
=700  1\$aSteele, Caitriana$eauthor$uNew Mexico State University, Las Cruces, NM
=700  1\$aHurd, Brian$eauthor$uNew Mexico State University, Las Cruces, NM
=700  1\$aOchoa, Carlos$eauthor$uNew Mexico State University, Las Cruces, NM
=773  0\$tJournal of contemporary water research and education.$g2013 Aug., v. 151, no. 1 p.84-94$wJournal:21516$x1936-704X$7nnas
=787  1\$oislandora_article_repository
=787  1\$oproduct_pubag
=787  1\$o(Journal)21516
=856  40$uhttps://handle.nal.usda.gov/10113/5927837$3Available in the National Agricultural Library PubAg search system
=856  40$uhttp://dx.doi.org/10.1111/j.1936-704X.2013.03154.x
=912  \\$aArticle
=914  \\$aJournal:21516$b1936-704X$c151$d1$e84
=914  \\$fJournal of contemporary water research and education
=916  \\$aBatch:2328
=917  \\$aissued
=918  2\$aUSDA submissions$eprovider$5DNAL
=935  \\$aIND605927837$9ExL
=949  \\$a2021-06-22
=956  \\$aARIS submission$bhttps://submit.nal.usda.gov/system/files/submissions/13-042.pdf
=961  \\$aUSDA
=962  \\$aUSDA Scientist Submission
=962  \\$aBatch:2328 reviewed on 2019-10-18T11:00:03Z
=974  \\$aagid:5927837
=983  \\$a2018-02-28
=984  \\$a2020-09-10
=985  \\$aUSDA submission converted from Drupal to MODS version 3.4 using submission2mods.xsl (Revision 1.002 2014/01/28)
=986  \\$ans13981

