=LDR  06626nab a2200805 u 4500
=001  9916074321007426
=005  20221121172836.0
=008  220831e202205\\xx\|||||o|||||||||||eng||
=016  7\$aIND607763344$2DNAL
=024  7\$a10.1007/s10584-022-03336-9$2doi
=035  \\$aagid:7763344-01nal_inst
=040  \\$aAGL$beng$cAGL
=100  1\$aRose, Steven K.$eauthor$uEnergy Systems and Climate Analysis Research Group, Electric Power Research Institute, Washington, DC, USA. srose@epri.com$1https://orcid.org/0000-0003-0682-8565
=245  10$aGlobal biomass supply modeling for long-run management of the climate system
=300  \\$ap. 3.
=520  \\$aBioenergy is projected to have a prominent, valuable, and maybe essential, role in climate management. However, there is significant variation in projected bioenergy deployment results, as well as concerns about the potential environmental and social implications of supplying biomass. Bioenergy deployment projections are market equilibrium solutions from integrated modeling, yet little is known about the underlying modeling of the supply of biomass as a feedstock for energy use in these modeling frameworks. We undertake a novel diagnostic analysis with ten global models to elucidate, compare, and assess how biomass is supplied within the models used to inform long-run climate management. With experiments that isolate and reveal biomass supply modeling behavior and characteristics (costs, emissions, land use, market effects), we learn about biomass supply tendencies and differences. The insights provide a new level of modeling transparency and understanding of estimated global biomass supplies that informs evaluation of the potential for bioenergy in managing the climate and interpretation of integrated modeling. For each model, we characterize the potential distributions of global biomass supply across regions and feedstock types for increasing levels of quantity supplied, as well as some of the potential societal externalities of supplying biomass. We also evaluate the biomass supply implications of managing these externalities. Finally, we interpret biomass market results from integrated modeling in terms of our new understanding of biomass supply. Overall, we find little consensus between models on where biomass could be cost-effectively produced and the implications. We also reveal model specific biomass supply narratives, with results providing new insights into integrated modeling bioenergy outcomes and differences. The analysis finds that many integrated models are considering and managing emissions and land use externalities of supplying biomass and estimating that environmental and societal trade-offs in the form of land emissions, land conversion, and higher agricultural prices are cost-effective, and to some degree a reality of using biomass, to address climate change.
=592  \\$aPublisher supplied data
=593  \\$aPubAg article
=650  \3$abioenergy
=650  \3$abiomass
=650  \3$aclimate
=650  \3$aclimate change
=650  \3$acost effectiveness
=650  \3$aenergy
=650  \3$afeedstocks
=650  \3$aland use change
=650  \3$amarkets
=650  \3$amodels
=650  \3$asupply balance
=700  1\$aPopp, Alexander$eauthor$uPotsdam Institute for Climate Impact Research, Leibniz Association, Potsdam, Germany
=700  1\$aFujimori, Shinichiro$eauthor$uDepartment of Environmental Engineering, Kyoto University, Kyoto, Japan
=700  1\$aHavlik, Petr$eauthor$uInternational Institute for Applied Systems Analysis, Laxenburg, Austria
=700  1\$aWeyant, John$eauthor$uStanford University, Palo Alto, CA, USA
=700  1\$aWise, Marshall$eauthor$uPacific Northwest National Laboratory &, Joint Global Change Research Institute, Univ. of Maryland, College Park, MD, USA
=700  1\$avan Vuuren, Detlef$eauthor$uPBL Netherlands Environmental Assessment Agency, The Hague, The Netherlands
=700  1\$aBrunelle, Thierry$eauthor$uUMR CIRED, CIRAD, Nogent-sur-Marne, France
=700  1\$aCui, Ryna Yiyun$eauthor$uCenter for Global Sustainability, University of Maryland, College Park, MD, USA
=700  1\$aDaioglou, Vassilis$eauthor$uPBL Netherlands Environmental Assessment Agency, The Hague, The Netherlands
=700  1\$aFrank, Stefan$eauthor$uInternational Institute for Applied Systems Analysis, Laxenburg, Austria$1https://orcid.org/0000-0001-5702-8547
=700  1\$aHasegawa, Tomoko$eauthor$uRitsumeikan University, Nojihigashi, Kusatsu, Shiga, Japan
=700  1\$aHumpenöder, Florian$eauthor$uPotsdam Institute for Climate Impact Research, Leibniz Association, Potsdam, Germany
=700  1\$aKato, Etsushi$eauthor$uThe Institute of Applied Energy, Minato, Tokyo, Japan
=700  1\$aSands, Ronald D.$eauthor$uUSDA Economic Research Service, Kansas City, MO, USA$1https://orcid.org/0000-0002-2864-0339
=700  1\$aSano, Fuminori$eauthor$uSystems Analysis Group, Research Institute of Innovative Technology for the Earth, Kyoto, Japan
=700  1\$aTsutsui, Junichi$eauthor$uEnvironmental Science Research Laboratory, Central Research Institute of Electric Power Industry, Abiko, Japan
=700  1\$aDoelman, Jonathan$eauthor$uPBL Netherlands Environmental Assessment Agency, The Hague, The Netherlands
=700  1\$aMuratori, Matteo$eauthor$uNational Renewable Energy Laboratory, Golden, CO, USA
=700  1\$aPrudhomme, Rémi$eauthor$uUMR CIRED, CIRAD, Nogent-sur-Marne, France
=700  1\$aWada, Kenichi$eauthor$uSystems Analysis Group, Research Institute of Innovative Technology for the Earth, Kyoto, Japan
=700  1\$aYamamoto, Hiromi$eauthor$uEnergy Innovation Center, Central Research Institute of Electric Power Industry, Yokosuka, Japan
=773  0\$tClimatic change.$g2022 May, v. 172, no. 1-2 p.3-3$dSpringer Netherlands$wJournal:jnl8952$x0165-0009$7nnas
=787  1\$oislandora_article_repository
=787  1\$oproduct_pubag
=787  1\$o(Journal)jnl8952
=856  40$uhttps://dx.doi.org/10.1007/s10584-022-03336-9$3Available from publisher's site
=912  \\$aArticle
=914  \\$aJournal:jnl8952$b0165-0009$c172$d1-2$e3
=914  \\$fClimatic change
=916  \\$aBatch:10254
=917  \\$aissued
=918  2\$aSpringer$eprovider$5DNAL
=935  \\$aIND607763344$9ExL
=949  \\$a2022-05-05
=953  \\$a/data/metadata/incoming/springer/ftp_PUB_22-08-31_05-27-02.zip
=954  \\$afile:/data/metadata/staging/springer/10584-172-1-2.xml
=955  \\$a/data/metadata/staging/springer/
=961  \\$aUSDA/ERS
=974  \\$aagid:7763344
=983  \\$a2022-08-31
=984  \\$a2022-08-31

