=LDR  05328nab a2200829 u 4500
=001  9916074421307426
=005  20221214223759.0
=008  180404e20180220xx\|||||o|||||||||||eng||
=016  7\$aIND605927809$2DNAL
=024  7\$a10113/5927809$2hdl
=024  7\$a339931$2aris
=024  7\$a338876$2aris
=024  7\$a10.3389/fpls.2018.00224$2doi
=024  7\$aPMC5826184$2pmcid
=024  7\$a29515617$2pmid
=035  \\$aagid:5927809-01nal_inst
=040  \\$aAGL$beng$cAGL
=100  1\$aHatfield, Jerry L.$eauthor$uSupervisory Plant Physiologist and Research Associate, National Laboratory for Agriculture and the Environment, Agricultural Research Service, United States Department of Agriculture, Ames, IA, United States
=245  10$aAgroclimatology and Wheat Production: Coping with Climate Change
=506  \\$aResource is Open Access$uhttp://purl.org/eprint/accessRights/OpenAccess
=506  \\$aWorks produced by employees of the U.S. Government as part of their official duties are not copyrighted within the U.S. The content of this document is not copyrighted.
=520  \\$aCereal production around the world is critical to the food supply for the human population. Crop productivity is primarily determined by a combination of temperature and precipitation because temperatures have to be in the range for plant growth and precipitation has to supply crop water requirements for a given environment. The question is often asked about the changes in productivity and what we can expect in the future and we evaluated the causes for variation in historical annual statewide wheat grain yields in Oklahoma, Kansas, and North Dakota across the Great Plains of United States. Wheat (Triticum aestivum L.) is adapted to this area and we focused on production in these states from 1950 to 2016. This analysis used a framework for annual yields using yield gaps between attainable and actual yields and found the primary cause of the variation among years were attributable to inadequate precipitation during the grain-filling period. In Oklahoma, wheat yields were reduced when April and May precipitation was limited (r2 D 0.70), while in Kansas, May precipitation was the dominant factor (r2 D 0.78), and in North Dakota June-July precipitation was the factor explaining yield variation (r2 D 0.65). Temperature varied among seasons and at the statewide level did not explain a significant portion of the yield variation. The pattern of increased variation in precipitation will cause further variation in wheat production across the Great Plains. Reducing yield variation among years will require adaptation practices that increase water availability to the crop coupled with the positive impact derived from other management practices, e.g., cultivars, fertilizer management, etc.
=592  \\$aPublisher supplied data
=593  \\$aPubAg article
=595  \\$baallen$c2018-04-18$dmanager-lgarner$e2018-04-20
=506  0\$fUnrestricted online access$2star
=593  \\$eARIS manuscript
=650  \3$aTriticum aestivum
=650  \3$aagroclimatology
=650  \3$aclimate change
=650  \3$acultivars
=650  \3$afertilizers
=650  \3$afilling period
=650  \3$agrain yield
=650  \3$aplant growth
=650  \3$arain
=650  \3$aspring
=650  \3$asummer
=650  \3$atemperature
=650  \3$awater requirement
=650  \3$awheat
=651  \3$aGreat Plains region
=651  \3$aKansas
=651  \3$aNorth Dakota
=651  \3$aOklahoma
=700  1\$aDold, Christian$eauthor$uSupervisory Plant Physiologist and Research Associate, National Laboratory for Agriculture and the Environment, Agricultural Research Service, United States Department of Agriculture, Ames, IA, United States
=773  0\$tFrontiers in plant science.$g2018 Feb. 20, v. 9 p.224-$wJournal:2199$x1664-462X$7nnas
=787  1\$oislandora_article_repository
=787  1\$oproduct_pubag
=787  1\$o(Journal)2199
=856  40$uhttps://handle.nal.usda.gov/10113/5927809$3Available in the National Agricultural Library PubAg search system
=856  40$uhttp://dx.doi.org/10.3389/fpls.2018.00224$3Available from publisher's site
=912  \\$aArticle
=914  \\$aJournal:2199$b1664-462X$c9$e224
=914  \\$fFrontiers in plant science
=916  \\$aBatch:2328
=917  \\$aissued
=918  2\$aUSDA submissions$eprovider$5DNAL
=935  \\$aIND605927809$9ExL
=949  \\$a2021-06-22
=956  \\$aARIS submission$bhttps://submit.nal.usda.gov/system/files/submissions/nal%20338876%20Hatfield%20agroclimatology%20and%20wheat%202018.pdf
=956  \\$aARIS submission$bhttps://submit.nal.usda.gov/system/files/submissions/338876%20Hatfield%20Dold%202018%20agroclimatology%20MS.pdf
=956  \\$aARIS submission$bhttps://submit.nal.usda.gov/system/files/submissions/Hatfield%20and%20Dold%202018%20Frontiers%20doi%2010.3389%20fpls.2018.00224.pdf
=961  \\$aUSDA/ARSUSDA
=962  \\$aUSDA Scientist Submission, eISSN 1664-462x
=962  \\$aUSDA Scientist Submission
=962  \\$aBatch:2328 reviewed on 2019-10-18T11:00:03Z
=974  \\$aagid:5927809
=983  \\$a2018-04-04
=984  \\$a2020-10-01
=985  \\$aUSDA submission converted from Drupal to MODS version 3.4 using submission2mods.xsl (Revision 1.002 2014/01/28)
=986  \\$ans14109

