=LDR  04050nab a2200709 u 4500
=001  9916078004707426
=005  20221123000813.0
=008  220901e20200602xx\|||||o|||||||||||eng||
=016  7\$aIND607680329$2DNAL
=024  7\$a10113/7680329$2hdl
=024  7\$a10.1080/10549811.2020.1768872$2doi
=024  7\$a10.1080/10549811.2020.1768872$2chorus
=035  \\$aagid:7680329-01nal_inst
=040  \\$aAGL$beng$cAGL
=100  1\$aSena, Kenton$eauthor$uLewis Honors College, University of Kentucky, USA
=245  10$aClimate Change and Invasive Species: Challenges and Opportunities for Forest Establishment on Appalachian Surface Mines
=520  \\$aClimate change and harsh environmental conditions present significant barriers to the reforestation of surface-mined sites in Appalachia. An experimental site was established on a reclaimed surface mine in eastern Kentucky to investigate the impacts of soil amendments (fertilizer additions and mycorrhizal inoculations) on the growth and survival of northern red oak and loblolly pine, and the effects of amendments and species planted on soil development. While early effects of soil fertility and mycorrhizae treatments were apparent, these did not affect the growth or survival of either species after 10 growing seasons. Overall, loblolly pine exhibited greater growth (7.6 m) and survival (58%) than northern red oak (1.8 m height growth and 39% survival). While the poor growth and survival of northern red oak were attributed to heavy vegetative competition from nonnative species, loblolly pine rapidly achieved canopy closure and shaded out competitive understory vegetation. This study documents that non-native loblolly pine may serve as an important pioneering tree species in reforestation of reclaimed mine sites by potentially outcompeting invasive exotic understory plant species. We speculate that, by suppressing invasive species, loblolly pine may have the potential to serve as a "nurse tree" for more economically and ecologically desirable hardwood species.
=592  \\$aPublisher supplied data
=593  \\$aPubAg article
=596  \\$cUSDA
=650  \3$aPinus taeda
=650  \3$aQuercus rubra
=650  \3$acanopy
=650  \3$aclimate change
=650  \3$afertilizers
=650  \3$aforests
=650  \3$ahardwood
=650  \3$aintroduced species
=650  \3$ainvasive species
=650  \3$amycorrhizae
=650  \3$areforestation
=650  \3$asoil
=650  \3$asoil fertility
=650  \3$asustainable forestry
=650  \3$aunderstory
=651  \3$aAppalachian region
=651  \3$aKentucky
=700  1\$aMetzmeier, Joshua$eauthor$uLewis Honors College, University of Kentucky, USA
=700  1\$aSmith, Brandon$eauthor$uLewis Honors College, University of Kentucky, USA
=700  1\$aHansen, Beth$eauthor$uDepartment of Forestry and Natural Resources, University of Kentucky, USA
=700  1\$aBarton Chris,$eauthor$uDepartment of Forestry and Natural Resources, University of Kentucky, USA
=773  0\$tJournal of Sustainable Forestry.$g2020 June 02, $dInforma UK Limited$x1540-756x$7nnas
=787  1\$oislandora_article_repository
=787  1\$oproduct_pubag
=856  40$uhttps://handle.nal.usda.gov/10113/7680329$3Available in the National Agricultural Library PubAg search system
=856  40$uhttp://dx.doi.org/10.1080/10549811.2020.1768872$3Available from publisher's site
=912  \\$aArticle
=914  \\$fJournal of Sustainable Forestry
=916  \\$aBatch:10239
=917  \\$aissued
=918  2\$aCHORUS$eprovider$5DNAL
=935  \\$aIND607680329$9ExL
=949  \\$a2022-04-19
=955  \\$a/data/metadata/staging/chorus
=961  \\$aUSDA
=962  \\$aUSDA Scientist Submission
=962  \\$aUSDA Scientist Submission; eISSN 1540-756x
=974  \\$aagid:7680329
=979  \\$aArticle missing volume number
=983  \\$a2022-09-01T12:45:42-04:00
=984  \\$a2022-09-14
=985  \\$aXML source generated via Python using CHORUS API JSON data; converted to MODS with chorus_to_mods.xsl

