=LDR  05661nab a2200853 u 4500
=001  9916082529907426
=005  20221214231438.0
=008  180723e20160905xx\|||||o|||||||||||eng||
=016  7\$aIND606757197$2DNAL
=024  7\$a10113/6757197$2hdl
=024  7\$a341533$2aris
=024  7\$a10.1038/nclimate3114$2doi
=035  \\$aagid:6757197-01nal_inst
=040  \\$aAGL$beng$cAGL
=100  1\$aNovick, Kimberly A.$eauthor$uIndiana University, School of Public and Environmental Affairs, Bloomington, Indiana 47405, USA
=245  14$aThe increasing importance of atmospheric demand for ecosystem water and carbon fluxes
=300  \\$ap. 1023-1027.
=506  \\$aWorks produced by employees of the U.S. Government as part of their official duties are not copyrighted within the U.S. The content of this document is not copyrighted.
=520  \\$aSoil moisture supply and atmospheric demand for water independently limit-and profoundly aect-vegetation productivity and water use during periods of hydrologic stress1-4. Disentangling the impact of these two drivers on ecosystem carbon and water cycling is dicult because they are often correlated, and experimental tools for manipulating atmospheric demand in the field are lacking. Consequently, the role of atmospheric demand is often not adequately factored into experiments or represented in models5-7. Here we show that atmospheric demand limits surface conductance and evapotranspiration to a greater extent than soil moisture in many biomes, including mesic forests that are of particular importance to the terrestrial carbon sink8,9. Further, using projections from ten general circulation models, we show that climate change will increase the importance of atmospheric constraints to carbon and water fluxes in all ecosystems. Consequently, atmospheric demand will become increasingly important for vegetation function, accounting for >70% of growing season limitation to surface conductance in mesic temperate forests. Our results suggest that failure to consider the limiting role of atmospheric demand in experimental designs, simulation models and land management strategies will lead to incorrect projections of ecosystem responses to future climate conditions.
=593  \\$aPubAg article
=593  \\$cUSDA submission
=595  \\$a434$balice.allen$c2020-02-28$damanda.xu$e2020-03-06
=593  \\$eARIS manuscript
=650  \3$aEarth atmosphere
=650  \3$aGeneral Circulation Models
=650  \3$aaquatic ecosystems
=650  \3$acarbon cycle
=650  \3$acarbon sinks
=650  \3$aclimate change
=650  \3$aevapotranspiration
=650  \3$aforest ecosystems
=650  \3$agrowing season
=650  \3$ahydrologic cycle
=650  \3$aland management
=650  \3$amesic conditions
=650  \3$asoil water
=650  \3$asoil water content
=650  \3$asoil-plant-atmosphere interactions
=650  \3$atemperate forests
=650  \3$awater stress
=700  1\$aFicklin, Darren L.$eauthor$uDepartment of Geography, Indiana University, Bloomington, Indiana 47405, USA
=700  1\$aStoy, Paul C.$eauthor$uDepartment of Land Resources and Environmental Sciences, Montana State University, Bozeman, Montana 59717, USA
=700  1\$aWilliams, Christopher A.$eauthor$uClark University, Graduate School of Geography, Worcester, Massachusetts 01610, USA
=700  1\$aBohrer, Gil$eauthor$uDepartment of Civil, The Ohio State University, Environmental & Geodetic Engineering, Columbus, Ohio 43210, USA
=700  1\$aOishi, A. Christopher$eauthor$uUSDA Forest Service, Southern Research Station, Coweeta Hydrologic Laboratory, Otto, North Carolina 28763, USA
=700  1\$aPapuga, Shirley A.$eauthor$uUniversity of Arizona, School of Natural Resources and the Environment, Tucson, Arizona 85721, USA
=700  1\$aBlanken, Peter D.$eauthor$uDepartment of Geography, University of Colorado, Boulder, Colorado 80309-0260, USA
=700  1\$aNoormets, Asko$eauthor$uDepartment of Forestry and Natural Resources, North Carolina State University, Raleigh, North Carolina 27695, USA
=700  1\$aSulman, Benjamin N.$eauthor$uDepartment of Geosciences, Princeton University, Princeton, New Jersey 08544, USA
=700  1\$aScott, Russell L.$eauthor$uSouthwest Watershed Research Center, USDA-ARS, Tucson, Arizona 85719, USA
=700  1\$aWang, Lixin$eauthor$uDepartment of Earth Sciences, Indiana University-Purdue University Indianapolis (IUPUI), Indianapolis, Indiana 46202, USA
=700  1\$aPhillips, Richard P.$eauthor$uDepartment of Biology, Indiana University, Bloomington, Indiana 47405, USA
=773  0\$tNature climate change.$g2016 Nov., v. 6, no. 11 p.1023-1027$wJournal:27227$x1758-6798$7nnas
=787  1\$oislandora_article_repository
=787  1\$oproduct_pubag
=787  1\$o(Journal)27227
=856  40$uhttp://dx.doi.org/10.1038/nclimate3114$3Available in the National Agricultural Library PubAg search system
=856  40$uhttp://dx.doi.org/10.1038/nclimate3114
=912  \\$aArticle
=914  \\$aJournal:27227$b1758-6798$c6$d11$e1023
=914  \\$fNature climate change
=916  \\$aBatch:10159
=917  \\$aissued
=935  \\$aIND606757197$9ExL
=949  \\$a2021-10-14
=952  \\$dgolden set
=956  \\$aARIS submission$bhttps://submit.nal.usda.gov/system/files/submissions/2371.pdf
=961  \\$aUSDA
=962  \\$aUSDA Scientist Submission;eISSN 1758-6798
=974  \\$aagid:6757197
=983  \\$a2018-07-23
=984  \\$a2021-10-14
=985  \\$aUSDA submission converted from Drupal to MODS version 3.4 using submission2mods.xsl (Revision 1.002 2014/01/28)
=986  \\$ans14997

