=LDR  04726nab a2200769 u 4500
=001  9916084364507426
=005  20221120065528.0
=008  220112e202012\\xx\|||||o|||||||||||eng||
=016  7\$aIND607225110$2DNAL
=024  7\$a10.1007/s10584-019-02617-0$2doi
=035  \\$aagid:7225110-01nal_inst
=040  \\$aAGL$beng$cAGL
=100  1\$aReynolds, Heather L$eauthor$uDepartment of Biology, Indiana University, Bloomington, IN, USA. hlreynol@indiana.edu$1https://orcid.org/0000-0003-1827-140X
=245  10$aImplications of climate change for managing urban green infrastructure: an Indiana, US case study
=300  \\$ap. 1967-1984.
=520  \\$aUrban areas around the world are increasingly investing in networks of urban forests, gardens, and other forms of green infrastructure for their benefits, including enhanced livability, sustainability, and climate change mitigation and adaptation. Proactive planning for climate change requires anticipating potential climate change impacts to green infrastructure and adjusting management strategies accordingly. We apply climate change projections for the Midwest US state of Indiana to assess the possible impacts of climate change on common forms of urban green infrastructure and identify management implications. Projected changes in Indiana's temperature and precipitation could pose numerous management challenges for urban green infrastructure, including water stress, pests, weeds, disease, invasive species, flooding, frost risk, and timing of maintenance. Meeting these challenges will involve managing for key characteristics of resilient systems (e.g., biodiversity, redundancy) as well as more specific strategies addressing particular climate changes (e.g., shifting species compositions, building soil water holding capacity). Climate change also presents opportunities to promote urban green infrastructure. Unlike human built infrastructure, green infrastructure is conducive to grassroots stewardship and governance, relieving climate change-related strains on municipal budgets. Resources for adapting urban green infrastructure to climate change are already being applied to the management of urban green infrastructure, and emerging research will enhance understanding of best management practices.
=592  \\$aPublisher supplied data
=593  \\$aPubAg article
=650  \3$abest management practices
=650  \3$abiodiversity
=650  \3$acase studies
=650  \3$aclimate
=650  \3$aclimate change
=650  \3$afrost
=650  \3$agardens
=650  \3$agovernance
=650  \3$agreen infrastructure
=650  \3$ahumans
=650  \3$ainvasive species
=650  \3$aplanning
=650  \3$aresearch
=650  \3$arisk
=650  \3$asoil water retention
=650  \3$astrains
=650  \3$atemperature
=650  \3$aurban areas
=650  \3$aurban forests
=650  \3$awater stress
=650  \3$aweeds
=651  \3$aIndiana
=700  1\$aBrandt, Leslie$eauthor$uNorthern Institute of Applied Climate Science, USDA Forest Service, St Paul, MN, USA
=700  1\$aFischer, Burnell C$eauthor$uO'Neill School of Public and Environmental Affairs (SPEA), Indiana University, Bloomington, IN, USA
=700  1\$aHardiman, Brady S$eauthor$uForestry and Natural Resources, Purdue University, West Lafayette, IN, USA
=700  1\$aMoxley, Donovan J$eauthor$uO'Neill School of Public and Environmental Affairs (SPEA), Indiana University, Bloomington, IN, USA
=700  1\$aSandweiss, Eric$eauthor$uEnvironmental Resilience Institute, Indiana University, Bloomington, IN, USA
=700  1\$aSpeer, James H$eauthor$uDepartment of Earth and Environmental Systems, Indiana State University, Terra Haute, IN, USA
=700  1\$aFei, Songlin$eauthor$uForestry and Natural Resources, Purdue University, West Lafayette, IN, USA
=773  0\$tClimatic change.$g2020 Dec., v. 163, no. 4 p.1967-1984$dSpringer Netherlands$wJournal:jnl8952$x0165-0009$7nnas
=787  1\$oislandora_article_repository
=787  1\$oproduct_pubag
=787  1\$o(Journal)jnl8952
=856  40$uhttps://dx.doi.org/10.1007/s10584-019-02617-0$3Available from publisher's site
=912  \\$aArticle
=914  \\$aJournal:jnl8952$b0165-0009$c163$d4$e1967
=914  \\$fClimatic change
=916  \\$aBatch:2644
=917  \\$aissued
=918  2\$aSpringer$eprovider$5DNAL
=935  \\$aIND607225110$9ExL
=949  \\$a2021-03-01
=953  \\$a/data/metadata/incoming/springer/ftp_PUB_22-01-11_05-27-53.zip
=954  \\$afile:/data/metadata/staging/springer/10584-163-4.xml
=955  \\$a/data/metadata/staging/springer/
=961  \\$aUSDA/FS
=974  \\$aagid:7225110
=983  \\$a2022-01-12
=984  \\$a2022-01-12

