=LDR  06161nab a2200925 u 4500
=001  9916084621907426
=005  20221121200736.0
=008  220112e202012\\xx\|||||o|||||||||||eng||
=016  7\$aIND607225088$2DNAL
=024  7\$a10.1007/s10584-020-02915-y$2doi
=035  \\$aagid:7225088-01nal_inst
=040  \\$aAGL$beng$cAGL
=100  1\$aOjima, Dennis S.$eauthor$uNatural Resources Ecology Laboratory, Colorado State University, Fort Collins, CO, 80523-1499, USA. Dennis.Ojima@colostate.edu
=245  12$aA climate change indicator framework for rangelands and pastures of the USA
=300  \\$ap. 1733-1750.
=520  \\$aRangelands and pastures include grasslands, savannas, shrublands, and woodlands and are often maintained to support grazing animals. Rangelands and pastures cover more than one-third of the land area in the USA and a similar extent globally. The ecosystem goods and services associated with rangeland and pastureland include critical wildlife habitat, forage for livestock, amenities related to water conservation, sustainable soil functions, and soil stabilization and support a diversity of biota and livelihoods. This paper provides a framework for development of a socio-ecological system (SES)-oriented set of indicators for rangeland and pasture systems to support evaluation of impacts of climate and land use changes. These indicators will also serve to inform adaptive management practices. We present a rationale for using an SES approach to evaluate trends and vulnerabilities of rangeland and pasture systems and provide an example of a set of system indicators arising from the SES approach. The indicators include evaporative demand, land cover extent, aboveground plant biomass, human demographics (population age distribution), cattle numbers, and economic value of cattle products relative to total agricultural value. These indicators are not meant to be comprehensive but are offered to illustrate how they might be used in a SES approach to plan for, assess, and mitigate climate change impacts. The conceptual framework provides a systems perspective on the impact of climate change on the socio-ecological dynamics of rangeland and pasture systems including measures of the resilience and vulnerability of ecosystem services with respect to the six indicators. The article focusses on livestock production in rangeland ecosystems, recognizing that additional work is needed to address pastures and other ecosystem services. Examples of the types of regional information associated with the indicators are provided. Guidance for future efforts in indicator development is offered. This framework will serve to guide future development of indicators for rangeland and pasture components of a larger national effort of indicators.
=592  \\$aPublisher supplied data
=593  \\$aPubAg article
=596  \\$aNA09NES4400006$cNational Oceanic and Atmospheric Administration
=596  \\$aNA14NES4320003$cNational Oceanic and Atmospheric Administration
=596  \\$aG11AC90009$cUSGS
=650  \3$aadaptive management
=650  \3$aarea
=650  \3$acattle
=650  \3$aclimate
=650  \3$aclimate change
=650  \3$ademographic statistics
=650  \3$adynamics
=650  \3$aeconomic valuation
=650  \3$aecosystem services
=650  \3$aecosystems
=650  \3$aevaporative demand
=650  \3$aforage
=650  \3$agrasslands
=650  \3$agrazing
=650  \3$ahumans
=650  \3$ainformation
=650  \3$aland cover
=650  \3$aland use change
=650  \3$alivelihood
=650  \3$alivestock production
=650  \3$apaper
=650  \3$apastures
=650  \3$aphytomass
=650  \3$arangelands
=650  \3$asavannas
=650  \3$ashrublands
=650  \3$asocial environment
=650  \3$asoil stabilization
=650  \3$awater conservation
=650  \3$awildlife habitats
=650  \3$awoodlands
=700  1\$aAicher, Rebecca$eauthor$uCenter for Scientific Evidence in Public Issues, American Association for the Advancement of Science, 1200 New York Avenue NW, Washington, DC, 20005, USA
=700  1\$aArcher, Steven R.$eauthor$uSavanna/Woodland Ecology Lab, School of Natural Resources and the Environment, University of Arizona, Tucson, AZ, 85721-0043, USA
=700  1\$aBailey, Derek W.$eauthor$uAnimal and Range Sciences Department, New Mexico State University, Las Cruces, NM, 88003-8003, USA
=700  1\$aCasby-Horton, Susan M.$eauthor$uAdjunct Professor, Texas Tech University, P.O. Box 163, Cross Plains, TX, 76443, USA
=700  1\$aCavallaro, Nancy$eauthor$uFormerly at Soils & Global Change Programs, USDA National Institute of Food and Agriculture, 800 9th Street SW Room 3186, Washington, DC, 20024, USA
=700  1\$aReyes, Julian J.$eauthor$uAAAS Science and Technology Policy Fellow, Office of Global Change | US Department of State (OES/EGC), Washington, DC, USA
=700  1\$aTanaka, John A.$eauthor$uEcosystem Science and Management, University of Wyoming, 1000 E. University Ave, Laramie, WY, 82071, USA
=700  1\$aWashington-Allen, Robert A.$eauthor$uDepartment of Agriculture, Veterinary & Rangeland Sciences, College Of Agriculture, Biotechnology & Natural Resources, University of Nevada, Reno, NV, USA
=773  0\$tClimatic change.$g2020 Dec., v. 163, no. 4 p.1733-1750$dSpringer Netherlands$wJournal:jnl8952$x0165-0009$7nnas
=787  1\$oislandora_article_repository
=787  1\$oproduct_pubag
=787  1\$o(Journal)jnl8952
=856  40$uhttps://dx.doi.org/10.1007/s10584-020-02915-y$3Available from publisher's site
=912  \\$aArticle
=914  \\$aJournal:jnl8952$b0165-0009$c163$d4$e1733
=914  \\$fClimatic change
=916  \\$aBatch:2644
=917  \\$aissued
=918  2\$aSpringer$eprovider$5DNAL
=935  \\$aIND607225088$9ExL
=949  \\$a2021-03-01
=953  \\$a/data/metadata/incoming/springer/ftp_PUB_22-01-11_05-27-53.zip
=954  \\$afile:/data/metadata/staging/springer/10584-163-4.xml
=955  \\$a/data/metadata/staging/springer/
=961  \\$aUSDA/NIFA
=974  \\$aagid:7225088
=983  \\$a2022-01-12
=984  \\$a2022-01-12

