=LDR  05597nab a2200829 u 4500
=001  9916084802907426
=005  20221122142503.0
=008  191119e201911\\xx\|||||o|||||||||||eng||
=016  7\$aIND606751180$2DNAL
=024  7\$a10.1007/s10533-019-00605-1$2doi
=035  \\$aagid:6751180-01nal_inst
=040  \\$aAGL$beng$cAGL
=100  1\$aYang, Yang$eauthor$uSierra Nevada Research Institute, University of California, Merced, Merced, CA, 95340, USA$1https://orcid.org/0000-0002-2760-0992 https://orcid.org/0000-0002-2760-0992
=245  10$aClimate change may alter mercury fluxes in northern hardwood forests
=300  \\$ap. 1-16.
=520  \\$aSoils are the largest terrestrial pool of mercury (Hg), a neurotoxic pollutant. Pathways of Hg accumulation and loss in forest soils include throughfall, litterfall, soil gas fluxes, and leaching in soil solution, all of which will likely be altered under changing climate. We took advantage of three ongoing climate-change manipulation experiments at the Hubbard Brook Experimental Forest, New Hampshire, USA: a combined growing-season warming and winter freeze-thaw cycle experiment, a throughfall exclusion to mimic drought, and a simulated ice storm experiment to examine the response of the forest Hg cycle to climatic disturbances. Across these three experiments, we compared Hg inputs in throughfall and leaf litterfall and Hg outputs in soil gas fluxes. Soil solution was measured only in the simulated ice storm experiment. We found that northern forest soils retained consistently less Hg by 16-60% in the three climate manipulations compared to the undisturbed controls (~ 7.4 µg Hg m⁻² year⁻¹), although soils across all three experiments still served as a net sink for Hg. Growing-season soil warming and combined soil warming and winter freeze-thaw cycles had little effect on litterfall and throughfall flux, but they increased soil Hg⁰ evasion by 31 and 35%, respectively, relative to the control plots. The drought plots had 5% lower litterfall Hg flux, 50% lower throughfall Hg flux, and 21% lower soil Hg⁰ evasion than the control plots. The simulated ice storm had 23% higher litterfall Hg flux, 1% higher throughfall Hg flux, 37% higher soil Hg⁰ evasion, and 151% higher soil Hg leaching than the control plots. These observations suggest that climate changes such as warmer soils in the growing season or more intense ice storms in winter are likely to exacerbate Hg pollution by releasing Hg sequestered in forest soils via evasion and leaching.
=592  \\$aPublisher supplied data
=593  \\$aPubAg article
=596  \\$a1149929$cNational Science Foundation
=596  \\$a1637685$cNational Science Foundation
=596  \\$a1457675$cNational Science Foundation
=650  \3$aclimate
=650  \3$aclimate change
=650  \3$adrought
=650  \3$aforest soils
=650  \3$afreeze-thaw cycles
=650  \3$agrowing season
=650  \3$ahardwood forests
=650  \3$aice
=650  \3$aleaching
=650  \3$aleaves
=650  \3$amercury
=650  \3$aneurotoxicity
=650  \3$aplant litter
=650  \3$apollutants
=650  \3$apollution
=650  \3$asoil air
=650  \3$asoil heating
=650  \3$asoil solution
=650  \3$astorms
=650  \3$athroughfall
=650  \3$awinter
=651  \3$aNew Hampshire
=700  1\$aMeng, Linghui$eauthor$uDepartment of Civil and Environmental Engineering, Syracuse University, Syracuse, NY, 13244, USA. limeng@syr.edu$1https://orcid.org/0000-0002-3188-7818 https://orcid.org/0000-0002-3188-7818
=700  1\$aYanai, Ruth D.$eauthor$uDepartment of Forest and Natural Resources Management, State University of New York College of Environmental Science and Forestry, Syracuse, NY, 13210, USA$1https://orcid.org/0000-0001-6987-2489 https://orcid.org/0000-0001-6987-2489
=700  1\$aMontesdeoca, Mario$eauthor$uDepartment of Civil and Environmental Engineering, Syracuse University, Syracuse, NY, 13244, USA
=700  1\$aTempler, Pamela H.$eauthor$uDepartment of Biology, Boston University, Boston, MA, 02215, USA
=700  1\$aAsbjornsen, Heidi$eauthor$uDepartment of Natural Resources and the Environment, University of New Hampshire, Durham, NH, 03824, USA
=700  1\$aRustad, Lindsey E.$eauthor$uNorthern Research Station, USDA Forest Service, Durham, NH, 03824, USA
=700  1\$aDriscoll, Charles T.$eauthor$uDepartment of Civil and Environmental Engineering, Syracuse University, Syracuse, NY, 13244, USA$1https://orcid.org/0000-0003-2692-2890 https://orcid.org/0000-0003-2692-2890
=773  0\$tBiogeochemistry.$g2019 Nov., v. 146, no. 1 p.1-16$dSpringer International Publishing$wJournal:jnl36028$x0168-2563$7nnas
=787  1\$oislandora_article_repository
=787  1\$oproduct_pubag
=787  1\$o(Journal)jnl36028
=856  40$uhttps://dx.doi.org/10.1007/s10533-019-00605-1$3Available from publisher's site
=912  \\$aArticle
=914  \\$aJournal:jnl36028$b0168-2563$c146$d1$e1
=914  \\$fBiogeochemistry
=916  \\$aBatch:2418
=917  \\$aissued
=918  2\$aSpringer$eprovider$5DNAL
=935  \\$aIND606751180$9ExL
=949  \\$a2020-03-05
=953  \\$a/data/metadata/incoming/springer/ftp_PUB_19-11-19_05-52-10.zip
=954  \\$afile:/data/metadata/staging/springer/10533-146-1.xml
=955  \\$a/data/metadata/staging/springer/
=961  \\$aUSDA/FS
=962  \\$aBatch:2418 reviewed on 2020-03-04T12:00:11Z
=962  \\$aBatch:2418 reviewed on 2020-03-05T16:00:03Z
=974  \\$aagid:6751180
=983  \\$a2019-11-19
=984  \\$a2020-03-05

