=LDR  04863nab a2200673 u 4500
=001  9916085391107426
=005  20221121025616.0
=008  220318e202112\\xx\|||||o|||||||||||eng||
=016  7\$aIND607598586$2DNAL
=024  7\$a10.1007/s13595-021-01115-7$2doi
=035  \\$aagid:7598586-01nal_inst
=040  \\$aAGL$beng$cAGL
=100  1\$aPacheco, Renata Martins$eauthor$uINESC TEC and Faculdade de Engenharia, Universidade do Porto, Campus da FEUP, Rua Dr. Roberto Frias, 4200-465, Porto, Portugal. renatapacheco@fe.up.pt$1https://orcid.org/0000-0003-1259-3619
=245  10$aPrescribed burning as a cost-effective way to address climate change and forest management in Mediterranean countries
=300  \\$ap. 100.
=520  \\$aKEY MESSAGE : As climate change and forest management become the focus of various development agendas and the price of carbon rises in the market, the need for improving carbon sequestration and avoiding wildfires emissions increases. Prescribed burning interventions might play an important role in this context, as in some situations, it has been suggested that it can reduce overall fire emissions. In this study, the potential economic benefits associated with the practice are analyzed for five Mediterranean countries. Despite the uncertainty in the estimates, the results suggest that under some circumstances these interventions can be cost-effective from a carbon management perspective. CONTEXT: Wildland fires are becoming a major concern for many European countries and are expected to become more prevalent due to climate change, affecting societies, ecosystems, and various ecosystem services provided by forests that are not valued by traditional markets, such as carbon sequestration. AIMS: The objective of this study is to evaluate the possibility of using carbon taxation to fund fire management measures in Mediterranean countries. METHODS: The analysis is done by converting prescribed burning savings in carbon emissions into their economic value. This is performed for France, Greece, Italy, Spain, and Portugal, which is studied in more detail, since the country has a National Prescribed Burning Program (NPBP) and a specific tax on carbon in place. RESULTS: The results indicate that most countries could potentially have benefits in the order of millions of euros from employing prescribed burning measures. In Portugal, NPBP has the potential to be a relevant policy instrument to reduce wildfire emissions, as well as economically since the carbon emissions savings can outweigh the prescribed burning costs in some circumstances. Also, the revenue from the country's Addition Tax on Carbon Emissions would be able to accommodate the foreseen prescribed burning costs. CONCLUSION: There are still many uncertainties regarding the benefits of prescribed burning in terms of overall emission reductions, and more studies should be conducted on this topic. However, as the price of carbon rises in the markets and climate change becomes a more pressing concern, even small emissions reductions might be economically interesting. The analysis framework used in this study has the potential to be useful for other countries, especially in Mediterranean-type ecosystems.
=592  \\$aPublisher supplied data
=593  \\$aPubAg article
=650  \3$acarbon
=650  \3$acarbon sequestration
=650  \3$aclimate change
=650  \3$acost effectiveness
=650  \3$aeconomic valuation
=650  \3$aecosystems
=650  \3$aforest management
=650  \3$aforests
=650  \3$aincome
=650  \3$amarkets
=650  \3$aprices
=650  \3$ataxes
=650  \3$auncertainty
=650  \3$awildfires
=650  \3$awildland
=651  \3$aFrance
=651  \3$aGreece
=651  \3$aItaly
=651  \3$aPortugal
=651  \3$aSpain
=700  1\$aClaro, João$eauthor$uINESC TEC and Faculdade de Engenharia, Universidade do Porto, Campus da FEUP, Rua Dr. Roberto Frias, 4200-465, Porto, Portugal
=773  0\$tAnnals of forest science.$g2021 Dec., v. 78, no. 4 p.100-100$dSpringer Paris$wJournal:2137$x1286-4560$7nnas
=787  1\$oislandora_article_repository
=787  1\$oproduct_pubag
=787  1\$o(Journal)2137
=856  40$uhttps://dx.doi.org/10.1007/s13595-021-01115-7$3Available from publisher's site
=912  \\$aArticle
=914  \\$aJournal:2137$b1286-4560$c78$d4$e100
=914  \\$fAnnals of forest science
=916  \\$aBatch:10223
=917  \\$aissued
=918  2\$aSpringer$eprovider$5DNAL
=935  \\$aIND607598586$9ExL
=949  \\$a2022-02-23
=953  \\$a/data/metadata/incoming/springer/ftp_PUB_22-03-18_05-27-14.zip
=954  \\$afile:/data/metadata/staging/springer/13595-78-4.xml
=955  \\$a/data/metadata/staging/springer/
=961  \\$aUSDA/DA
=974  \\$aagid:7598586
=983  \\$a2022-03-18
=984  \\$a2022-03-18

