=LDR  02731nab a2200445 u 4500
=001  9916085501907426
=005  20221122004848.0
=008  211214e202012\\xx\|||||o|||||||||||eng||
=016  7\$aIND607598523$2DNAL
=024  7\$a10.1007/s10584-020-02948-3$2doi
=035  \\$aagid:7598523-01nal_inst
=040  \\$aAGL$beng$cAGL
=100  1\$aOjima, Dennis S.$eauthor$uNatural Resources Ecology Laboratory, Colorado State University, Fort Collins, CO, 80523-1499, USA. Dennis.Ojima@colostate.edu
=245  10$aCorrection to: A climate change indicator framework for rangelands and pastures of the USA
=300  \\$ap. 1751-1754.
=500  \\$aPublished Erratum
=592  \\$aPublisher supplied data
=700  1\$aAicher, Rebecca$eauthor$uCenter for Scientific Evidence in Public Issues, American Association for the Advancement of Science, 1200 New York Avenue NW, Washington, DC, 20005, USA
=700  1\$aArcher, Steven R.$eauthor$uSavanna/Woodland Ecology Lab, School of Natural Resources and the Environment, University of Arizona, Tucson, AZ, 85721-0043, USA
=700  1\$aBailey, Derek W.$eauthor$uAnimal and Range Sciences Department, New Mexico State University, Las Cruces, NM, 88003-8003, USA
=700  1\$aCasby-Horton, Susan M.$eauthor$uAdjunct Professor, Texas Tech University, P.O. Box 163, Cross Plains, TX, 76443, USA
=700  1\$aCavallaro, Nancy$eauthor$uFormerly at Soils & Global Change Programs, USDA National Institute of Food and Agriculture, 800 9thStreet SW Room 3186, Washington, DC, 20024, USA
=700  1\$aReyes, Julian J.$eauthor$uAAAS Science and Technology Policy Fellow, Office of Global Change | US Department of State (OES/EGC), Washington, DC, USA
=700  1\$aTanaka, John A.$eauthor$uEcosystem Science and Management, University of Wyoming, 1000 E. University Ave, Laramie, WY, 82071, USA
=700  1\$aWashington-Allen, Robert A.$eauthor$uDepartment of Agriculture, Veterinary & Rangeland Sciences, College Of Agriculture, Biotechnology & Natural Resources, University of Nevada, Reno, NV, USA
=773  0\$tClimatic Change.$g2020 Dec., v. 163, no. 4 p.1751-1754$dSpringer Netherlands$x0165-0009$7nnas
=787  1\$oislandora_article_repository
=856  40$uhttps://dx.doi.org/10.1007/s10584-020-02948-3$3Available from publisher's site
=912  \\$aArticle
=914  \\$fClimatic Change
=917  \\$aissued
=918  2\$aSpringer$eprovider$5DNAL
=935  \\$aIND607598523$9ExL
=953  \\$a/data/metadata/incoming/springer/ftp_PUB_21-12-14_05-30-38.zip
=954  \\$afile:/data/metadata/staging/springer/10584-163-4.xml
=955  \\$a/data/metadata/staging/springer/
=961  \\$aUSDA/NIFA
=974  \\$aagid:7598523
=983  \\$a2021-12-14
=984  \\$a2021-12-14

