=LDR  03483nab a2200517 u 4500
=001  9916085652107426
=005  20221117170418.0
=008  211125e20211022xx\|||||o|||||||||||eng||
=016  7\$aIND607577901$2DNAL
=024  7\$a10.3390/land10111121$2doi
=035  \\$aagid:7577901-01nal_inst
=040  \\$aAGL$beng$cAGL
=100  1\$aHanberry, Brice B.$eauthor$uUSDA Forest Service, Rocky Mountain Research Station, Rapid City, SD 57702, USA
=245  10$aTiming of Tree Density Increases, Influence of Climate Change, and a Land Use Proxy for Tree Density Increases in the Eastern United States
=520  \\$aLong-term observations inform relationships among changes in vegetation, climate, and land use. For the eastern United States, I compared the timing of tree change, comprised of density and diversity increases, with the timing of climate change, as measured by change point detection of the Palmer Modified Drought Index (PMDI) that accounts for water balance, in two prairie ecological provinces, four grassland landscapes, and four forest landscapes. Historical evidence supplied documentation of tree density increases between approximately 1860 and 1890 in the two prairie provinces of grasslands bordering eastern forests. Additionally, because timing of tree increases paralleled when land area reached ≥25% agricultural use, I categorized grassland and forest landscapes that increased to ≥25% agricultural area during 1860, 1880, 1900, and 1920. One change point detection method identified no significant PMDI change points during the 1800s. The other method found the southern prairie province, bordering eastern forests, had change points of 1855 and 1865 during an interval of relative dryness. Only two of four grassland landscapes, and one of four forest landscapes had change points, which occurred during relative dryness or were continuous with historical variation. Inconsistent changes in moisture availability did not provide correlations with comprehensive tree increases, but land use change corresponded with tree changes based on timing, magnitude and direction of change, and mechanism. The agricultural threshold may provide the critical missing component that allows progression in analysis of land use change effects on vegetation.
=592  \\$aPublisher supplied data
=593  \\$aPubAg article
=650  \3$aclimate
=650  \3$aclimate change
=650  \3$adrought
=650  \3$aforests
=650  \3$agrasslands
=650  \3$aland
=650  \3$aland use change
=650  \3$atrees
=773  0\$tLand.$g2021 Oct. 22, v. 10, no. 11$dMultidisciplinary Digital Publishing Institute$wJournal:21555$x2073-445X$7nnas
=787  1\$oislandora_article_repository
=787  1\$oproduct_pubag
=787  1\$o(Journal)21555
=856  40$uhttps://dx.doi.org/10.3390/land10111121$3Available from publisher's site
=912  \\$aArticle
=914  \\$aJournal:21555$b2073-445X$c10$d11
=914  \\$fLand
=916  \\$aBatch:10210
=917  \\$aissued
=918  2\$aMultidisciplinary Digital Publishing Institute$eprovider$5DNAL
=935  \\$aIND607577901$9ExL
=949  \\$a2022-02-23
=952  \\$dNAL-AP-2-clean
=953  \\$a/data/metadata/incoming/mdpinstitute/land-v10-i11-20211125.xml
=954  \\$afile:/data/metadata/staging/mdpinstitute/land-v10-i11-20211125.xml
=955  \\$a/data/metadata/staging/mdpinstitute/
=961  \\$aUSDA/FS
=974  \\$aagid:7577901
=983  \\$a2021-11-25
=984  \\$a2022-02-19

