=LDR  05638nab a2200865 u 4500
=001  9916086223907426
=005  20221121100628.0
=008  150809s2013\\\\xx\|||||o|||||||||||eng||
=016  7\$aIND601117272$2DNAL
=024  7\$a10.1016/B978-0-12-407685-3.00002-5$2doi
=035  \\$aagid:1117272-01nal_inst
=040  \\$aAGL$beng$cAGL
=100  1\$aDelgado, Jorge A.$eauthor$uUSDA ARS Soil Plant Nutrient Research Unit, Fort Collins, Colorado, USA. Electronic address: Jorge.Delgado@ARS.USDA.GOV
=245  10$aConservation Practices for Climate Change Adaptation
=300  \\$ap. 47-115.
=520  \\$aThe threat of climate change is a great challenge to sustainable land management (USDA-NRCS, 2010a). Several publications have reported that over the last few decades, rainfall intensities have increased in many parts of the world, including in the United States. Without good, productive soils and the ecosystem services provided by them, the survival of our species will be in jeopardy. The future changes in climate that will drive erosion processes will significantly impact soil erosion rates, with higher projected erosion rates for the United States. These higher erosion rates will significantly contribute to lower soil productivity, lower soil organic matter content, lower soil quality, and higher rates of nutrient loss that will contribute to a reduction in the inherent soil fertility that is so important for maintaining viable economic systems and sustainability. These same hydrological changes will also include the occurrence of occasional droughts, and for some regions, such as the southwestern United States, projections suggest that there will be a decrease in precipitation and a drier region, which will have negative effects on plant productivity and increase the potential for wind erosion. Farmer management adaptations and use of conservation practices to adapt to a changing climate (e.g., no-till practices, crop rotations, precision conservation, crop selection and dates of planting, harvest, and tillage) have the potential to greatly reduce soil erosion rates. Conservation practices will be key and must be used as strategies for adaptation to climate change impacts on the soil resource. Examples of key strategies are the use of conservation tillage, management of crop rotations and crop residue (including use of cover crops where viable), management of livestock grazing intensities, improved management of irrigation systems, use of technologies, and precision conservation. Many other conservation practices also have the potential to reduce much or all of the potential acceleration of soil erosion rates that may occur under a change in climate that will bring more total rainfall with higher intensity rainfall events, or a change to a drier climate that will potentially bring higher wind erosion rates. One important adaptation practice will be to consider projected spatial changes in the hydrological cycle, such as wetter and drier regions, and periods of drought. This could help in the development and/or implementation of soil and water conservation policies that consider temporal and spatial effects from climate change at the regional level. These policies should also consider conservation practices that contribute to increased water-holding capacity in the soil profile, improved drainage practices, and the development of new crop varieties and cropping systems that are more resistant to drought.
=592  \\$aPublisher supplied data
=593  \\$aPubAg article
=650  \3$aNatural Resources Conservation Service
=650  \3$aadverse effects
=650  \3$aclimate
=650  \3$aclimate change
=650  \3$aconservation practices
=650  \3$acover crops
=650  \3$acrop residues
=650  \3$acrop rotation
=650  \3$acultivars
=650  \3$adrainage
=650  \3$adrought
=650  \3$adrought tolerance
=650  \3$aeconomic systems
=650  \3$aecosystem services
=650  \3$afarmers
=650  \3$agrazing
=650  \3$ahydrologic cycle
=650  \3$airrigation management
=650  \3$airrigation systems
=650  \3$aissues and policy
=650  \3$alivestock
=650  \3$ano-tillage
=650  \3$aplanting date
=650  \3$arain
=650  \3$arain intensity
=650  \3$asoil fertility
=650  \3$asoil organic matter
=650  \3$asoil productivity
=650  \3$asoil profiles
=650  \3$asoil quality
=650  \3$asoil water
=650  \3$asustainable land management
=650  \3$awater conservation
=650  \3$awater holding capacity
=650  \3$awind erosion
=651  \3$aUnited States
=700  1\$aNearing, Mark A.$eauthor$uUSDA ARS Southwest Watershed Research Center, Tucson, Arizona, USA
=700  1\$aRice, Charles W.$eauthor$uKansas State University, Manhattan, Kansas, USA
=773  0\$tAdvances in agronomy.$g2013, v. 121 p.47-115$dElsevier Science & Technology$x0065-2113$7nnas
=787  1\$oislandora_article_repository
=787  1\$oproduct_pubag
=787  1\$o(Journal)jnl49421
=856  40$uhttp://dx.doi.org/10.1016/B978-0-12-407685-3.00002-5$3Available from publisher's site
=912  \\$aArticle
=914  \\$aJournal:jnl49421$b0065-2113$c121$e47
=914  \\$fAdvances in agronomy
=916  \\$aBatch:1251
=917  \\$aissued
=918  2\$aElsevier B.V.$eprovider$5DNAL
=935  \\$aIND601117272$9ExL
=949  \\$a2016-04-07
=953  \\$aNAL26470006521130121000C.xml
=961  \\$aUSDA/ARS
=962  \\$aBatch:1251 reviewed on 2016-04-07T12:00:02Z
=974  \\$aagid:1117272
=983  \\$a2015-08-09
=984  \\$a2016-04-07

