=LDR  04778nab a2200709 u 4500
=001  9916086612607426
=005  20221121050704.0
=008  210201e20200820xx\|||||o|||||||||||eng||
=016  7\$aIND606925436$2DNAL
=024  7\$a10.1016/j.scitotenv.2020.139094$2doi
=035  \\$aagid:6925436-01nal_inst
=040  \\$aAGL$beng$cAGL
=100  1\$aAraya, A.$eauthor$uDepartment of Agronomy, 2004 Throckmorton Plant Science Center, Kansas State University, Manhattan, KS, United States
=245  10$aSpatial analysis of the impact of climate change factors and adaptation strategies on productivity of wheat in Ethiopia
=500  \\$aNAL-AP-2-clean
=520  \\$aWheat production is expected to be challenged by future climate change. However, it is unclear how wheat grown in diverse agroecologies will respond to climate change and adaptation management strategies. A geospatial simulation study was conducted to understand the impacts of climate change and adaptation management strategies on wheat (Triticum aestivum L.) production in Ethiopia. Simulation results showed that the average long-term baseline (1980-2005) wheat yield ranged from 1593 to 3356 kg/ha. This wheat yield range is within the national average (2100-2700 kg/ha) for this decade. In regions with cooler temperatures (<21 °C), mid-century temperatures and elevated CO₂, along with increased N fertilizer slightly improved attainable yield levels above 3000 kg/ha. Whereas, in regions with heat and drought conditions wheat yield declined regardless the increase of N or CO₂ levels. Wheat yield increased at a diminishing rate with increase in N fertilizer rate. However, N fertilizer did not increase yields under low rainfall conditions. Two to five irrigation per season contributed to yield improvement for low rainfall locations, while yield did not substantially improve for locations receiving adequate seasonal rainfall. Therefore, based on this study, improved N fertilizer application in combination with increased CO₂ could improve wheat yield under future climate in most wheat producing regions (with adequate rainfall) of Ethiopia. Our results provide valuable information regarding impacts of climate change factors and adaptation strategies for producers, researchers, extension professionals and policy makers.
=592  \\$aPublisher supplied data
=593  \\$aPubAg article
=650  \3$aTriticum aestivum
=650  \3$aattainable yield
=650  \3$acarbon dioxide
=650  \3$aclimate
=650  \3$aclimate change
=650  \3$adrought
=650  \3$aenvironment
=650  \3$afertilizer rates
=650  \3$aheat
=650  \3$airrigation
=650  \3$aissues and policy
=650  \3$anitrogen fertilizers
=650  \3$arain
=650  \3$awheat
=651  \3$aEthiopia
=653  \0$aCrop model
=653  \0$aNitrogen
=653  \0$aCarbon dioxide concentration
=700  1\$aPrasad, P.V.V.$eauthor$uDepartment of Agronomy, 2004 Throckmorton Plant Science Center, Kansas State University, Manhattan, KS, United States$1https://orcid.org/0000-0001-6632-3361
=700  1\$aZambreski, Z.$eauthor$uDepartment of Agronomy, 2004 Throckmorton Plant Science Center, Kansas State University, Manhattan, KS, United States
=700  1\$aGowda, P.H.$eauthor$uUnited States Department of Agriculture - Agricultural Research Service, Southeast Area, Stoneville, MS, United States
=700  1\$aCiampitti, I.A.$eauthor$uDepartment of Agronomy, 2004 Throckmorton Plant Science Center, Kansas State University, Manhattan, KS, United States
=700  1\$aAssefa, Y.$eauthor$uDepartment of Agronomy, 2004 Throckmorton Plant Science Center, Kansas State University, Manhattan, KS, United States
=700  1\$aGirma, A.$eauthor$uMekelle University, Institute of Climate and Society, Mekelle, Ethiopia
=773  0\$tScience of the total environment.$g2020 Aug. 20, v. 731 p.139094-$dElsevier B.V.$aElsevier B.V.$wJournal:jnl4455$x0048-9697$7nnas
=787  1\$oislandora_article_repository
=787  1\$oproduct_pubag
=787  1\$o(Journal)jnl4455
=856  40$uhttps://dx.doi.org/10.1016/j.scitotenv.2020.139094$3Available from publisher's site
=912  \\$aArticle
=914  \\$aJournal:jnl4455$b0048-9697$e139094
=914  \\$fScience of the total environment
=916  \\$aBatch:10126
=917  \\$aissued
=918  2\$aElsevier Consyn$eprovider$5DNAL
=935  \\$aIND606925436$9ExL
=949  \\$a2021-08-26
=953  \\$a/data/metadata/incoming/consyn/753237420489071479-00001-HEAD-ONLY-NEW CONSYN ISSNS.ZIP
=954  \\$afile:/data/metadata/staging/consyn/S0048969720326115.xml
=955  \\$a/data/metadata/staging/consyn/
=961  \\$aUSDA/ARS
=974  \\$aagid:6925436
=983  \\$a2021-02-01
=984  \\$a2021-08-26

