=LDR  03986nab a2200709 u 4500
=001  9916086939007426
=005  20221120165058.0
=008  150513e20150430xx\|||||o|||||||||||eng||
=016  7\$aIND601329582$2DNAL
=024  7\$a10.1002/hyp.10358$2doi
=024  7\$a10.1002/hyp.10358$2chorus
=035  \\$aagid:1329582-01nal_inst
=040  \\$aAGL$beng$cAGL
=100  1\$aCaldwell, Peter$eauthor$uCoweeta Hydrologic Laboratory, Center for Forest Watershed Science, USDA Forest Service, 3160 Coweeta Lab Road, Otto, NC, 28763, USA
=245  10$aShort‐term stream water temperature observations permit rapid assessment of potential climate change impacts
=300  \\$ap. 2196-2211.
=520  \\$aAssessment of potential climate change impacts on stream water temperature (Tₛ) across large scales remains challenging for resource managers because energy exchange processes between the atmosphere and the stream environment are complex and uncertain, and few long‐term datasets are available to evaluate changes over time. In this study, we demonstrate how simple monthly linear regression models based on short‐term historical Tₛobservations and readily available interpolated air temperature (Tₐ) estimates can be used for rapid assessment of historical and future changes in Tₛ. Models were developed for 61 sites in the southeastern USA using ≥18 months of observations and were validated at sites with longer periods of record. The Tₛmodels were then used to estimate temporal changes in Tₛat each site using both historical estimates and future Tₐprojections. Results suggested that the linear regression models adequately explained the variability in Tₛacross sites, and the relationships between Tₛand Tₐremained consistent over 37 years. We estimated that most sites had increases in historical annual mean Tₛbetween 1961 and 2010 (mean of +0.11 °C decade⁻¹). All 61 sites were projected to experience increases in Tₛfrom 2011 to 2060 under the three climate projections evaluated (mean of +0.41 °C decade⁻¹). Several of the sites with the largest historical and future Tₛchanges were located in ecoregions home to temperature‐sensitive fish species. This methodology can be used by resource managers for rapid assessment of potential climate change impacts on stream water temperature.
=592  \\$aPublisher supplied data
=593  \\$aPubAg article
=650  \3$aair temperature
=650  \3$aclimate
=650  \3$aclimate change
=650  \3$adata collection
=650  \3$aecoregions
=650  \3$aenergy transfer
=650  \3$afish
=650  \3$ahydrology
=650  \3$alinear models
=650  \3$amanagers
=650  \3$arapid methods
=650  \3$aregression analysis
=650  \3$astreams
=650  \3$atemporal variation
=650  \3$awater temperature
=651  \3$aUnited States
=700  1\$aSegura, Catalina$eauthor
=700  1\$aGull Laird, Shelby$eauthor
=700  1\$aSun, Ge$eauthor
=700  1\$aMcNulty, Steven G.$eauthor
=700  1\$aSandercock, Maria$eauthor
=700  1\$aBoggs, Johnny$eauthor
=700  1\$aVose, James M.$eauthor
=773  0\$tHydrological processes.$g2015 Apr. 30, v. 29, no. 9 p.2196-2211$dWiley$x0885-6087$7nnas
=787  1\$oislandora_article_repository
=787  1\$oproduct_pubag
=787  1\$o(Journal)jnl3938466
=856  40$uhttp://dx.doi.org/10.1002/hyp.10358$3Available from publisher's site
=912  \\$aArticle
=914  \\$aJournal:jnl3938466$b0885-6087$c29$d9$e2196
=914  \\$fHydrological processes
=916  \\$aBatch:933
=917  \\$aissued
=918  2\$aJohn Wiley & Sons, Inc$eprovider$5DNAL
=935  \\$aIND601329582$9ExL
=949  \\$a2020-03-06
=953  \\$a08856087_2015_29_9.xml
=961  \\$aUSDA/FS
=962  \\$aBatch:933 reviewed on 2015-06-29T11:00:02Z
=962  \\$aBatch:933 reviewed on 2015-06-29T16:00:03Z
=974  \\$aagid:1329582
=983  \\$a2015-05-13
=984  \\$a2020-03-06

