=LDR  03467nab a2200577 u 4500
=001  9916087814407426
=005  20221215142843.0
=008  221002e20170601xx\|||||o|||||||||||eng||
=016  7\$aIND607345229$2DNAL
=024  7\$a10113/7345229$2hdl
=024  7\$a10.1088/1748-9326/aa6eb2$2doi
=024  7\$a10.1088/1748-9326/aa6eb2$2chorus
=035  \\$aagid:7345229-01nal_inst
=040  \\$aAGL$beng$cAGL
=100  1\$eauthor
=245  10$aEconomic impacts of climate change on agriculture: a comparison of process-based and statistical yield models
=506  \\$aResource is Open Access$uhttp://purl.org/eprint/accessRights/OpenAccess
=506  \\$aCHORUS License Information
=520  \\$aA large number of studies have been published examining the implications of climate change for agricultural productivity that, broadly speaking, can be divided into process-based modeling and statistical approaches. Despite a general perception that results from these methods differ substantially, there have been few direct comparisons. Here we use a data-base of yield impact studies compiled for the IPCC Fifth Assessment Report (Porter et al 2014) to systematically compare results from process-based and empirical studies. Controlling for differences in representation of CO2 fertilization between the two methods, we find little evidence for differences in the yield response to warming. The magnitude of CO2 fertilization is instead a much larger source of uncertainty. Based on this set of impact results, we find a very limited potential for on-farm adaptation to reduce yield impacts. We use the Global Trade Analysis Project (GTAP) global economic model to estimate welfare consequences of yield changes and find negligible welfare changes for warming of 1 °C-2 °C if CO2 fertilization is included and large negative effects on welfare without CO2. Uncertainty bounds on welfare changes are highly asymmetric, showing substantial probability of large declines in welfare for warming of 2 °C-3 °C even including the CO2 fertilization effect.
=592  \\$aPublisher supplied data
=593  \\$aPubAg article
=596  \\$cBiological and Environmental Research
=596  \\$cNational Institute of Food and Agriculture
=506  0\$fUnrestricted online access$2star
=650  \3$aagricultural productivity
=650  \3$aclimate change
=650  \3$aeconometric models
=650  \3$ainternational trade
=650  \3$auncertainty
=700  1\$eauthor
=700  1\$eauthor
=773  0\$tEnvironmental Research Letters.$dIOP Publishing$x1748-9326$7nnas
=787  1\$oislandora_article_repository
=787  1\$oproduct_pubag
=856  40$uhttps://handle.nal.usda.gov/10113/7345229$3Available in the National Agricultural Library PubAg search system
=856  40$uhttps://dx.doi.org/10.1088/1748-9326/aa6eb2$3Available from publisher's site
=912  \\$aArticle
=914  \\$fEnvironmental Research Letters
=917  \\$aissued
=918  2\$aCHORUS$eprovider$5DNAL
=935  \\$aIND607345229$9ExL
=949  \\$a2022-04-21
=952  \\$dNAL-AP-2-clean
=955  \\$a/data/metadata/staging/chorus
=961  \\$aUSDA
=962  \\$aUSDA Scientist Submission
=962  \\$aUSDA Scientist Submission; eISSN 1478-9329
=974  \\$aagid:7345229
=979  \\$aArticle missing volume number
=984  \\$a2022-10-04
=985  \\$aXML source generated via Python using CHORUS API JSON data; converted to MODS with chorus_to_mods.xsl

