=LDR  03221nab a2200541 u 4500
=001  9916088107707426
=005  20221117162903.0
=008  220901e20160902xx\|||||o|||||||||||eng||
=016  7\$aIND607345131$2DNAL
=024  7\$a10113/7345131$2hdl
=024  7\$a10.1080/17524032.2016.1176947$2doi
=024  7\$a10.1080/17524032.2016.1176947$2chorus
=035  \\$aagid:7345131-01nal_inst
=040  \\$aAGL$beng$cAGL
=100  1\$aBowers, Alison W.$eauthor
=245  10$aClimate change communication insights from cooperative Extension professionals in the US Southern states: finding common ground
=520  \\$aClimate change is often avoided in educational programming due to its perceived polarizing nature. Identifying areas of agreement may help educators introduce climate change topics and help audiences begin to listen. As part of a survey of Extension professionals in the southeastern US, respondents shared their thoughts about climate change. Based on methods used by Maibach, Leiserowitz, Roser-Renouf, and Mertz [(2011). Identifying like-minded audiences for global warming public engagement campaigns: An audience segmentation analysis and tool development. PLoS ONE, 6(3), e17571], we categorized respondents using the Six Americas segments. Qualitative data analysis techniques were applied to identify common themes. Five themes emerged as common across most segments: (1) confusion and mistrust abound, (2) educators face barriers to climate change education, (3) economic aspects of climate change are important, (4) we should be good stewards of Earth, and (5) adaptation is an agreeable strategy. By identifying climate change message frames with which people may agree, regardless of how they feel about climate change, educators may be able to better communicate with broader audiences.
=592  \\$aPublisher supplied data
=593  \\$aPubAg article
=596  \\$cUSDA National Institute of Food and Agriculture
=650  \3$acitizen participation
=650  \3$aextension education
=650  \3$asurveys
=651  \3$aSoutheastern United States
=700  1\$aMonroe, Martha C.$eauthor
=700  1\$aAdams, Damian C.$eauthor
=773  0\$tEnvironmental Communication.$dInforma UK Limited$wJournal:11640$x1752-4032$7nnas
=787  1\$oislandora_article_repository
=787  1\$oproduct_pubag
=787  1\$o(Journal)11640
=856  40$uhttps://handle.nal.usda.gov/10113/7345131$3Available in the National Agricultural Library PubAg search system
=856  40$uhttps://dx.doi.org/10.1080/17524032.2016.1176947$3Available from publisher's site
=912  \\$aArticle
=914  \\$aJournal:11640$c10$d5$e656
=914  \\$fEnvironmental Communication
=917  \\$aissued
=918  2\$aCHORUS$eprovider$5DNAL
=935  \\$aIND607345131$9ExL
=949  \\$a2022-04-21
=952  \\$dNAL-AP-2-clean
=955  \\$a/data/metadata/staging/chorus
=961  \\$aUSDA
=962  \\$aUSDA Scientist Submission
=962  \\$aUSDA Scientist Submission; eISSN 1752-4040
=974  \\$aagid:7345131
=979  \\$aArticle missing volume number
=984  \\$a2022-09-06
=985  \\$aXML source generated via Python using CHORUS API JSON data; converted to MODS with chorus_to_mods.xsl

