=LDR  05046nab a2200781 u 4500
=001  9916090361907426
=005  20221207123152.0
=008  180730e201806\\xx\|||||o|||||||||||eng||
=016  7\$aIND606072527$2DNAL
=024  7\$a10.1002/ecs2.2293$2chorus
=024  7\$a10.1002/ecs2.2293$2doi
=024  7\$a10.1002/ecs2.2293$2chorusOpen
=035  \\$aagid:6072527-01nal_inst
=040  \\$aAGL$beng$cAGL
=100  1\$aLucash, Melissa S.$eauthor$uDepartment of Geography, Portland State University, Portland, Oregon, 97201, USA
=245  10$aMore than the sum of its parts: how disturbance interactions shape forest dynamics under climate change
=500  \\$aJOURNAL ARTICLE
=506  \\$aResource is Open Access
=506  \\$aWiley License Information
=520  \\$aInteractions among disturbances are seldom quantified, and how they will be affected by climate change is even more uncertain. In this study, we sought to better understand how interactions among disturbances shift under climate change by applying a process‐based landscape disturbance and succession model (LANDIS‐II) to project disturbance regimes under climate change in north‐central Minnesota, USA. Specifically, we (1) contrasted mortality rates and the extent of disturbance for four individual (single) disturbance regimes (fire, insects, wind, or forest management) vs. all four disturbance regimes operating simultaneously (concurrent) under multiple climate change scenarios and (2) determined how climate change interacts with single and concurrent disturbance regimes to affect carbon stocks and forest composition. Under single disturbance regimes, we found that climate change amplifies mortality, but did not substantially change the overall extent of disturbances. Tree mortality under the concurrent disturbance regime scenario was less than the sum of all single disturbance regimes, providing evidence of significant negative feedbacks among disturbances, particularly under climate change. Finally, we found that climate change was the most critical driver of area harvested (via shifts in species composition), soil carbon, species composition, and diversity, while the disturbance regime (i.e., single or concurrent) had a larger influence on aboveground carbon and the relative dominance of conifers vs. hardwoods. In conclusion, our simulations suggest that disturbance interactions will be strongly mediated by climate change and will produce increasingly negative feedbacks, preventing worst‐case disturbance outcomes. Our results underscore the importance of running simulations with multiple disturbances on the landscape concurrently rather than focusing on any one or two disturbances.
=592  \\$aPublisher supplied data
=593  \\$aPubAg article
=596  \\$cUSDA$dhttps://doi.org/10.13039/100000199
=506  0\$fUnrestricted online access$2star
=650  \3$acarbon
=650  \3$acarbon sinks
=650  \3$aclimate change
=650  \3$aconifers
=650  \3$aforest dynamics
=650  \3$aforest management
=650  \3$aforests
=650  \3$ahardwood
=650  \3$ainsects
=650  \3$alandscapes
=650  \3$amodels
=650  \3$amortality
=650  \3$asoil
=650  \3$aspecies diversity
=650  \3$atree mortality
=650  \3$awind
=651  \3$aMinnesota
=700  1\$aScheller, Robert M.$eauthor$uDepartment of Forestry and Environmental Sciences, North Carolina State University, Raleigh, North Carolina, 27695, USA
=700  1\$aSturtevant, Brian R.$eauthor$uInstitute for Applied Ecosystem Studies, Northern Research Station, USDA Forest Service, Rhinelander, Wisconsin, 54501, USA
=700  1\$aGustafson, Eric J.$eauthor$uInstitute for Applied Ecosystem Studies, Northern Research Station, USDA Forest Service, Rhinelander, Wisconsin, 54501, USA
=700  1\$aKretchun, Alec M.$eauthor$uDepartment of Geography, Portland State University, Portland, Oregon, 97201, USA
=700  1\$aFoster, Jane R.$eauthor$uRubenstein School of Environment and Natural Resources, University of Vermont, Burlington, Vermont, 19130, USA
=773  0\$tEcosphere.$g2018 June, v. 9, no. 6 p.e02293-$dJohn Wiley & Sons, Ltd$wJournal:12363$x2150-8925$7nnas
=787  1\$oislandora_article_repository
=787  1\$oproduct_pubag
=787  1\$o(Journal)12363
=856  40$uhttp://dx.doi.org/10.1002/ecs2.2293$3Available from publisher's site
=903  \\$aVersion of Record
=912  \\$aArticle
=914  \\$aJournal:12363$b2150-8925$c9$d6$ee02293
=914  \\$fEcosphere
=916  \\$aBatch:2099
=917  \\$aissued
=918  2\$aJohn Wiley & Sons, Inc$eprovider$5DNAL
=935  \\$aIND606072527$9ExL
=949  \\$a2020-03-06
=953  \\$a/data/metadata/incoming/wiley/21508925_2018_9_6.xml
=954  \\$afile:/data/metadata/staging/wiley/21508925_2018_9_6.xml
=955  \\$a/data/metadata/staging/wiley/
=961  \\$aUSDA/FS
=962  \\$aBatch:2099 reviewed on 2018-11-29T16:00:02Z
=974  \\$aagid:6072527
=983  \\$a2018-07-30
=984  \\$a2020-03-06

