=LDR  01936nab a2200625 u 4500
=001  9916091062107426
=005  20221121211908.0
=008  080319e200802\\xx\|||||o|||||||||||eng||
=016  7\$aIND44030619$2DNAL
=024  7\$a10113/15878$2hdl
=035  \\$aagid:15878-01nal_inst
=040  \\$aAGL$beng$cAGL
=072  \0$aF300
=072  \0$aK800
=072  \0$aK200
=100  1\$aMarqués, L.
=245  14$aThe Fate of Southern Forests: Impacts of Climate Change and Variability
=300  \\$ap. 3-6.
=500  \\$a2019-12-04
=593  \\$aPubAg article
=594  \\$aEmbargoed article
=650  \3$aland use change
=650  \3$aenvironmental impact
=650  \3$aforest health
=650  \3$aforest yields
=650  \3$atimber supply
=650  \3$aclimate change
=650  \3$aweather
=650  \3$atimber production
=650  \3$asaltwater intrusion
=650  \3$aurbanization
=650  \3$aforest ecology
=650  \3$aforests
=651  \3$aSoutheastern United States
=653  \0$asea level
=653  \0$aproductivity
=773  0\$tCompass : recent publications of the Southern Research Station.$g2008 Feb., , no.  10 p.3-6$7nnas
=787  1\$oproduct_pubag
=787  1\$oislandora_article_repository
=852  \\$aDNAL
=856  40$uhttps://handle.nal.usda.gov/10113/15878$3Available in the National Agricultural Library PubAg search system
=912  \\$aArticle
=914  \\$fCompass : recent publications of the Southern Research Station
=917  \\$aissued
=930  \\$a20080610$b20080704$c00000000
=935  \\$aIND44030619$9ExL
=945  \\$aIND$dLYN$e2008/06/10
=946  \\$aUSDA
=949  \\$a2014-07-17
=952  \\$a20080610 20080704 00000000$bIND LYN 2008/06/10
=961  \\$aUSDA/FS
=974  \\$aagid:15878
=984  \\$a2008-07-04
=985  \\$aConverted from MARCXML to MODS version 3.4 using MARC21slim2MODS3-4.xsl (Revision 1.95 2014/04/23)
=986  \\$a4030619

