=LDR  04057nab a2200745 u 4500
=001  9916098475107426
=005  20221121061159.0
=008  190729e20171208xx\|||||o|||||||||||eng||
=016  7\$aIND606550322$2DNAL
=024  7\$a10.1093/ee/nvx157$2doi
=035  \\$aagid:6550322-01nal_inst
=040  \\$aAGL$beng$cAGL
=100  1\$aKistner, Erica Jean$eauthor
=245  10$aClimate Change Impacts on the Potential Distribution and Abundance of the Brown Marmorated Stink Bug (Hemiptera: Pentatomidae) With Special Reference to North America and Europe
=300  \\$ap. 1212-1224.
=520  \\$aThe invasive brown marmorated stink bug, Halyomorpha halys (Stål; Hemiptera: Pentatomidae), has recently emerged as a harmful pest of horticultural crops in North America and Europe. Native to East Asia, this highly polyphagous insect is spreading rapidly worldwide. Climate change will add further complications to managing this species in terms of both geographic distribution and population growth. This study used CLIMEX to compare potential H. halys distribution under recent and future climate models using one emission scenario (A2) with two different global circulation models, CSIRO Mk3.0 and MIROC-H. Simulated changes in seasonal phenology and voltinism were examined. Under the possible future climate scenarios, suitable range in Europe expands northward. In North America, the suitable H. halys range shifts northward into Canada and contracts from its southern temperature range limits in the United States due to increased heat stress. Prolonged periods of warm temperatures resulted in longer H. halys growing seasons. However, future climate scenarios indicated that rising summer temperatures decrease H. halys growth potential compared to recent climatic conditions, which in turn, may reduce mid-summer crop damage. Climate change may increase the number of H. halys generations produced annually, thereby enabling the invasive insect to become multivoltine in the northern latitudes of North America and Europe where it is currently reported to be univoltine. These results indicate prime horticultural production areas in Europe, the northeastern United States, and southeastern Canada are at greatest risk from H. halys under both current and possible future climates.
=592  \\$aPublisher supplied data
=593  \\$aPubAg article
=650  \3$aHalyomorpha halys
=650  \3$aclimate change
=650  \3$aclimate models
=650  \3$aclimatic factors
=650  \3$acrop damage
=650  \3$ageographical distribution
=650  \3$agrowing season
=650  \3$aheat stress
=650  \3$ahorticultural crops
=650  \3$ahorticulture
=650  \3$ainsects
=650  \3$ainvasive species
=650  \3$alatitude
=650  \3$amultivoltine habit
=650  \3$aphenology
=650  \3$apopulation growth
=650  \3$arisk
=650  \3$asummer
=650  \3$atemperature
=650  \3$aunivoltine habit
=651  \3$aCanada
=651  \3$aEast Asia
=651  \3$aEurope
=651  \3$aNortheastern United States
=653  \0$aCLIMEX
=653  \0$avoltinism
=773  0\$tEnvironmental entomology.$g2017 Dec. 08, v. 46, no. 6 p.1212-1224$dOxford University Press$wJournal:jnl3243$x1938-2936$7nnas
=787  1\$oislandora_article_repository
=787  1\$oproduct_pubag
=787  1\$o(Journal)jnl3243
=856  40$uhttps://dx.doi.org/10.1093/ee/nvx157$3Available from publisher's site
=912  \\$aArticle
=914  \\$aJournal:jnl3243$b1938-2936$c46$d6$e1212
=914  \\$fEnvironmental entomology
=916  \\$aBatch:2294
=917  \\$aissued
=918  2\$aOxford University Press$eprovider$5DNAL
=935  \\$aIND606550322$9ExL
=949  \\$a2019-09-06
=953  \\$a/data/metadata/incoming/oxford/ee46.tar.gz
=954  \\$afile:/data/metadata/staging/oxford/nvx157.xml
=955  \\$a/data/metadata/staging/oxford/
=961  \\$aUSDA/ARS
=962  \\$aBatch:2294 reviewed on 2019-09-06T14:00:04Z
=974  \\$aagid:6550322
=983  \\$a2019-07-29
=984  \\$a2020-01-02

