=LDR  05111nab a2200769 u 4500
=001  9916100627007426
=005  20221207135012.0
=008  180704e201808\\xx\|||||o|||||||||||eng||
=016  7\$aIND606009077$2DNAL
=024  7\$a10.1111/gcb.14120$2doi
=024  7\$a10.1111/gcb.14120$2chorus
=035  \\$aagid:6009077-01nal_inst
=040  \\$aAGL$beng$cAGL
=100  1\$aTeets, Aaron$eauthor$uSchool of Forest Resources, University of Maine, Orono, ME, USA$1https://orcid.org/0000-0003-1498-658X
=245  10$aQuantifying climate-growth relationships at the stand level in a mature mixed‐species conifer forest
=300  \\$ap. 3587-3602.
=500  \\$aJOURNAL ARTICLE
=506  \\$aResource is Open Access
=506  \\$aWiley License Information
=520  \\$aA range of environmental factors regulate tree growth; however, climate is generally thought to most strongly influence year‐to‐year variability in growth. Numerous dendrochronological (tree‐ring) studies have identified climate factors that influence year‐to‐year variability in growth for given tree species and location. However, traditional dendrochronology methods have limitations that prevent them from adequately assessing stand‐level (as opposed to species‐level) growth. We argue that stand‐level growth analyses provide a more meaningful assessment of forest response to climate fluctuations, as well as the management options that may be employed to sustain forest productivity. Working in a mature, mixed‐species stand at the Howland Research Forest of central Maine, USA, we used two alternatives to traditional dendrochronological analyses by (1) selecting trees for coring using a stratified (by size and species), random sampling method that ensures a representative sample of the stand, and (2) converting ring widths to biomass increments, which once summed, produced a representation of stand‐level growth, while maintaining species identities or canopy position if needed. We then tested the relative influence of seasonal climate variables on year‐to‐year variability in the biomass increment using generalized least squares regression, while accounting for temporal autocorrelation. Our results indicate that stand‐level growth responded most strongly to previous summer and current spring climate variables, resulting from a combination of individualistic climate responses occurring at the species‐ and canopy‐position level. Our climate models were better fit to stand‐level biomass increment than to species‐level or canopy‐position summaries. The relative growth responses (i.e., percent change) predicted from the most influential climate variables indicate stand‐level growth varies less from to year‐to‐year than species‐level or canopy‐position growth responses. By assessing stand‐level growth response to climate, we provide an alternative perspective on climate-growth relationships of forests, improving our understanding of forest growth dynamics under a fluctuating climate.
=592  \\$aPublisher supplied data
=593  \\$aPubAg article
=596  \\$cMaine Agricultural and Forest Experiment Station$dhttps://doi.org/10.13039/100011131
=596  \\$cUSDA$dhttps://doi.org/10.13039/100000199
=596  \\$cUSDOE$dhttps://doi.org/10.13039/100000015
=506  0\$fUnrestricted online access$2star
=650  \3$aautocorrelation
=650  \3$abiomass
=650  \3$acanopy
=650  \3$aclimate models
=650  \3$aclimatic factors
=650  \3$aconiferous forests
=650  \3$adendrochronology
=650  \3$aforest growth
=650  \3$agrowth rings
=650  \3$aleast squares
=650  \3$asampling
=650  \3$aspring
=650  \3$asummer
=650  \3$atree growth
=650  \3$atrees
=651  \3$aMaine
=700  1\$aFraver, Shawn$eauthor$uSchool of Forest Resources, University of Maine, Orono, ME, USA
=700  1\$aWeiskittel, Aaron R.$eauthor$uSchool of Forest Resources, University of Maine, Orono, ME, USA
=700  1\$aHollinger, David Y.$eauthor$uNorthern Research Station, USDA Forest Service, Durham, NH, USA
=773  0\$tGlobal change biology.$g2018 Aug., v. 24, no. 8 p.3587-3602$dJohn Wiley & Sons, Ltd$wJournal:jnl57021$x1354-1013$7nnas
=787  1\$oislandora_article_repository
=787  1\$oproduct_pubag
=787  1\$o(Journal)jnl57021
=856  40$uhttp://dx.doi.org/10.1111/gcb.14120$3Available from publisher's site
=903  \\$aVersion of Record
=912  \\$aArticle
=914  \\$aJournal:jnl57021$b1354-1013$c24$d8$e3587
=914  \\$fGlobal change biology
=916  \\$aBatch:2027
=917  \\$aissued
=918  2\$aJohn Wiley & Sons, Inc$eprovider$5DNAL
=935  \\$aIND606009077$9ExL
=949  \\$a2020-03-06
=953  \\$a/data/metadata/incoming/wiley/13541013_2018_24_8.xml
=954  \\$afile:/data/metadata/staging/wiley/13541013_2018_24_8.xml
=955  \\$a/data/metadata/staging/wiley/
=961  \\$aUSDA/FS
=962  \\$aBatch:2027 reviewed on 2018-08-03T04:00:02Z
=974  \\$aagid:6009077
=983  \\$a2018-07-04
=984  \\$a2020-03-06

