=LDR  04444nab a2200685 u 4500
=001  9916101267307426
=005  20221120222031.0
=008  150810e20111015xx\|||||o|||||||||||eng||
=016  7\$aIND44607288$2DNAL
=024  7\$a10.1016/j.agrformet.2011.05.010$2doi
=035  \\$aagid:559853-01nal_inst
=040  \\$aAGL$beng$cAGL
=100  1\$aZhang, X.-C.$eauthor$uUSDA-ARS, Grazinglands Research Laboratory, 7207W. Cheyenne St., El Reno, OK 73036, USA
=245  10$aTrend and uncertainty analysis of simulated climate change impacts with multiple GCMs and emission scenarios
=300  \\$ap. 1297-1304.
=520  \\$aTrends and uncertainty of the climate change impacts on hydrology, soil erosion, and wheat production during 2010-2039 at El Reno in central Oklahoma, USA, were evaluated for 12 climate change scenarios projected by four GCMs (CCSR/NIES, CGCM2, CSIRO-Mk2, and HadCM3) under three emissions scenarios (A2, B2, and GGa). Compared with the present climate, overall t-tests (n=12) show that it is almost certain that mean precipitation will decline by some 6% (>98.5% probability), daily precipitation variance increase by 12% (>99%), and maximum and minimum temperature increase by 1.46 and 1.26°C (>99%), respectively. Compared with the present climate under the same tillage systems, it is very likely (>90%) that evapotranpiration and long-term soil water storage will decease, but runoff and soil loss will increase despite the projected declines in precipitation. There will be no significant changes in wheat grain yield. Paired t-tests show that daily precipitation variance projected under GGa is greater than those under A2 and B2 (P=0.1), resulting in greater runoff and soil loss under GGa (P=0.1). HadCM3 projected greater mean annual precipitation than CGCM2 and CSIRO (P=0.1). Consequently, greater runoff, grain yield, transpiration, soil evaporation, and soil water storage were simulated for HadCM3 (P=0.1). The inconsistency among GCMs and differential impact responses between emission scenarios underscore the necessity of using multi-GCMs and multi-emission scenarios for impact assessments. Overall results show that no-till and conservation tillage systems will need to be adopted for better soil and water conservation and environmental protection in the region during the next several decades.
=592  \\$aPublisher supplied data
=593  \\$aPubAg article
=650  \3$aatmospheric precipitation
=650  \3$aclimate
=650  \3$aclimate change
=650  \3$aconservation tillage
=650  \3$aemissions
=650  \3$aenvironmental protection
=650  \3$aevaporation
=650  \3$agrain yield
=650  \3$arunoff
=650  \3$asoil conservation
=650  \3$asoil erosion
=650  \3$asoil water storage
=650  \3$atemperature
=650  \3$atranspiration
=650  \3$auncertainty
=650  \3$auncertainty analysis
=650  \3$avariance
=651  \3$aOklahoma
=700  1\$aLiu, W.-Z.$eauthor$uState Key Laboratory of Soil Erosion and Dryland Farming on Loess Plateau, Institute of Soil and Water Conservation, Chinese Academy of Sciences, Northwest A & F University, Yangling, Shaanxi 712100, China
=700  1\$aLi, Z.$eauthor$uCollege of Resource and Environment, Northwest A&F University, Yangling, Shaanxi 712100, China
=700  1\$aChen, J.$eauthor$uDepartment of Construction Engineering, École de technologie supérieure, Université du Québec, 1100 Notre-Dame Street West, Montreal, QC H3 C 1K3, Canada
=773  0\$tAgricultural and forest meteorology.$g2011 Oct. 15, v. 151, no. 10 p.1297-1304$dElsevier B.V.$x0168-1923$7nnas
=787  1\$oislandora_article_repository
=787  1\$oproduct_pubag
=787  1\$o(Journal)jnl43250
=856  40$uhttp://dx.doi.org/10.1016/j.agrformet.2011.05.010$3Available from publisher's site
=912  \\$aArticle
=914  \\$aJournal:jnl43250$b0168-1923$c151$d10$e1297
=914  \\$fAgricultural and forest meteorology
=917  \\$aissued
=918  2\$aElsevier B.V.$eprovider$5DNAL
=935  \\$aIND44607288$9ExL
=949  \\$a2013-05-30
=953  \\$aNAL265000168192301510010.xml
=961  \\$aUSDA/ARS
=962  \\$aBatch:217 annotated on 2013-05-14T09:04:49Z
=962  \\$aBatch:217 reviewed on 2013-05-30T15:00:02Z
=962  \\$aBatch:217 reviewed on 2013-05-30T16:00:02Z
=974  \\$aagid:559853
=983  \\$a2015-08-10
=984  \\$a2015-08-10
=986  \\$a4607288

