=LDR  04391nab a2200829 u 4500
=001  9916104539407426
=005  20221214223500.0
=008  131212e201302\\xx\|||||o|||||||||||eng||
=016  7\$aIND500717299$2DNAL
=024  7\$ano direct match$2pmid
=024  7\$a283487$2aris
=024  7\$a10113/58178$2hdl
=024  7\$a10.1111/ele.12017$2doi
=024  8\$ans3710
=035  \\$aagid:58178-01nal_inst
=040  \\$aAGL$beng$cAGL
=100  1\$aSorte, Cascade J.B.$eauthor
=245  10$aPoised to prosper? A cross-system comparison of climate change effects on native and non-native species performance
=300  \\$ap. 261-270.
=506  \\$aWorks produced by employees of the U.S. Government as part of their official duties are not copyrighted within the U.S. The content of this document is not copyrighted.
=520  \\$aClimate change and biological invasions are primary threats to global biodiversity that may operate synergistically in the future. To date, the hypothesis that climate change will favor non-native species has been examined though local comparisons of single or few species. We took a meta-analytical approach to examine whether non-native species are poised to outperform native species in future climatic conditions. We compiled a database of studies in aquatic and terrestrial ecosystems that recorded performance measures of non-native (157 species) and co-occurring native species (204 species) under different temperature, CO2, and precipitation conditions. Our analyses revealed that in terrestrial systems, native and non-native species responded similarly to environmental changes. However, in aquatic systems, increases in temperature and CO2 primarily inhibited native species. There was a general trend towards stronger responses among non-native species, including stronger positive responses to more favorable conditions as well as enhanced negative responses to less favorable conditions. As climate change proceeds, aquatic systems may be particularly vulnerable to invasion. Across systems, there could be a higher risk of invasion at sites becoming more climatically hospitable, while sites shifting towards harsher conditions may become more resistant to invasions.
=593  \\$aPubAg article
=593  \\$cUSDA submission
=593  \\$eARIS manuscript
=650  \3$aaquatic environment
=650  \3$aaquatic habitat
=650  \3$aatmospheric precipitation
=650  \3$abiodiversity
=650  \3$acarbon dioxide
=650  \3$aclimate change
=650  \3$aclimatic factors
=650  \3$adatabases
=650  \3$aecological invasion
=650  \3$aecosystems
=650  \3$aindigenous species
=650  \3$aintroduced species
=650  \3$arisk
=650  \3$atemperature
=700  1\$aIbanez, Ines$eauthor
=700  1\$aBlumenthal, Dana M$eauthor
=700  1\$aMolinari, Nicole A$eauthor
=700  1\$aMiller, Luke P$eauthor
=700  1\$aGrosholz, Edwin D$eauthor
=700  1\$aDiez, Jeffrey M$eauthor
=700  1\$aD'Antonio, Carla M.$eauthor
=700  1\$aOlden, Julian D$eauthor
=700  1\$aJones, Sierra J$eauthor
=700  1\$aDukes, Jeffrey S$eauthor
=773  0\$tEcology letters.$g2013 Feb., v. 16, no. 2 p.261-270$wJournal:jnl3774062$x1461-0248$7nnas
=787  1\$oislandora_article_repository
=787  1\$oproduct_pubag
=787  1\$oislandora_pubag_with_text
=787  1\$o(Journal)jnl3774062
=856  40$uhttps://handle.nal.usda.gov/10113/58178$3Available in the National Agricultural Library PubAg search system
=856  40$uhttp://dx.doi.org/10.1111/ele.12017
=912  \\$aArticle
=914  \\$aJournal:jnl3774062$c16$d2$e261
=914  \\$fEcology letters
=917  \\$aissued
=935  \\$aIND500717299$9ExL
=949  \\$a2014-01-30
=956  \\$aARIS submission$bhttp://submit-u.nal.usda.gov/system/files/submissions/Sorte%20et%20al%202013%20-%20Ecol%20Lett%20-%20Poised%20to%20prosper.pdf
=961  \\$aUSDA
=962  \\$aUSDA Scientist Submission
=962  \\$aBatch:420 annotated on 2014-01-14T07:01:27Z
=962  \\$aBatch:420 reviewed on 2014-01-29T16:00:03Z
=962  \\$aBatch:420 reviewed on 2014-01-30T11:00:03Z
=974  \\$aagid:58178
=983  \\$a2013-12-12
=984  \\$a2014-01-08
=985  \\$aUSDA submission converted from Drupal to MODS version 3.4 using submission2mods.xsl (Revision 1.XXX 2012/012/28)
=986  \\$ans3710

