=LDR  04716nab a2200625 u 4500
=001  9916105217507426
=005  20221121234715.0
=008  190910e201910\\xx\|||||o|||||||||||eng||
=016  7\$aIND606643423$2DNAL
=024  7\$a10.1111/gcb.14724$2doi
=035  \\$aagid:6643423-01nal_inst
=040  \\$aAGL$beng$cAGL
=100  1\$aPetrie, Matthew D.$eauthor$uSchool of Life Sciences, University of Nevada Las Vegas, Las Vegas, Nevada$1https://orcid.org/0000-0001-5532-8829
=245  10$aDiffering climate and landscape effects on regional dryland vegetation responses during wet periods allude to future patterns
=300  \\$ap. 3305-3318.
=500  \\$aJOURNAL ARTICLE
=520  \\$aDryland vegetation is influenced by biotic and abiotic land surface template (LST) conditions and precipitation (PPT), such that enhanced vegetation responses to periods of high PPT may be shaped by multiple factors. High PPT stochasticity in the Chihuahuan Desert suggests that enhanced responses across broad geographic areas are improbable. Yet, multiyear wet periods may homogenize PPT patterns, interact with favorable LST conditions, and in this way produce enhanced responses. In contrast, periods containing multiple extreme high PPT pulse events could overwhelm LST influences, suggesting a divergence in how climate change could influence vegetation by altering PPT periods. Using a suite of stacked remote sensing and LST datasets from the 1980s to the present, we evaluated PPT‐LST‐Vegetation relationships across this region and tested the hypothesis that enhanced vegetation responses would be initiated by high PPT, but that LST favorability would underlie response magnitude, producing geographic differences between wet periods. We focused on two multiyear wet periods; one of above average, regionally distributed PPT (1990-1993) and a second with locally distributed PPT that contained two extreme wet pulses (2006-2008). 1990-1993 had regional vegetation responses that were correlated with soil properties. 2006-2008 had higher vegetation responses over a smaller area that were correlated primarily with PPT and secondarily to soil properties. Within the overlapping PPT area of both periods, enhanced vegetation responses occurred in similar locations. Thus, LST favorability underlied the geographic pattern of vegetation responses, whereas PPT initiated the response and controlled response area and maximum response magnitude. Multiyear periods provide foresight on the differing impacts that directional changes in mean climate and changes in extreme PPT pulses could have in drylands. Our study shows that future vegetation responses during wet periods will be tied to LST favorability, yet will be shaped by the pattern and magnitude of multiyear PPT events.
=592  \\$aPublisher supplied data
=593  \\$aPubAg article
=596  \\$aDEB 12-35828$cNational Science Foundation
=650  \3$aarid lands
=650  \3$aclimate
=650  \3$aclimate change
=650  \3$adata collection
=650  \3$ageographical variation
=650  \3$alandscapes
=650  \3$aremote sensing
=650  \3$asoil properties
=650  \3$avegetation
=651  \3$aChihuahuan Desert
=700  1\$aPeters, Debra P. C.$eauthor$uJornada Experimental Range, United States Department of Agriculture - Agricultural Research Service, Las Cruces, New Mexico
=700  1\$aBurruss, N. Dylan$eauthor$uJornada Basin LTER Program, New Mexico State University, Las Cruces, New Mexico
=700  1\$aJi, Wenjie$eauthor$uDepartment of Plant & Environmental Sciences, New Mexico State University, Las Cruces, New Mexico
=700  1\$aSavoy, Heather M.$eauthor$uJornada Basin LTER Program, New Mexico State University, Las Cruces, New Mexico
=773  0\$tGlobal change biology.$g2019 Oct., v. 25, no. 10 p.3305-3318$dJohn Wiley & Sons, Ltd$wJournal:jnl57021$x1354-1013$7nnas
=787  1\$oislandora_article_repository
=787  1\$oproduct_pubag
=787  1\$o(Journal)jnl57021
=856  40$uhttp://dx.doi.org/10.1111/gcb.14724$3Available from publisher's site
=912  \\$aArticle
=914  \\$aJournal:jnl57021$b1354-1013$c25$d10$e3305
=914  \\$fGlobal change biology
=916  \\$aBatch:2438
=917  \\$aissued
=918  2\$aJohn Wiley & Sons, Inc$eprovider$5DNAL
=935  \\$aIND606643423$9ExL
=949  \\$a2020-04-09
=953  \\$a/data/metadata/incoming/wiley/13541013_2019_25_10.xml
=954  \\$afile:/data/metadata/staging/wiley/13541013_2019_25_10.xml
=955  \\$a/data/metadata/staging/wiley/
=961  \\$aUSDA/ARS
=962  \\$aBatch:2438 reviewed on 2020-04-09T11:00:14Z
=974  \\$aagid:6643423
=983  \\$a2019-09-10
=984  \\$a2020-04-09

