=LDR  03519nab a2200625 u 4500
=001  9916105256607426
=005  20221122040623.0
=008  111018s1998\\\\xx\|||||o|||||||||||eng||
=016  7\$aIND44620500$2DNAL
=024  7\$a10113/54792$2hdl
=024  7\$a10.3354/cr010069$2doi
=035  \\$aagid:54792-01nal_inst
=040  \\$aAGL$beng$cAGL
=100  1\$aIdso, Sherwood B.
=245  10$aCO2-induced global warming: a skeptic's view of potential climate change
=300  \\$ap. 69-82.
=500  \\$aIncludes references
=500  \\$a2019-12-06
=506  \\$aWorks produced by employees of the U.S. Government as part of their official duties are not copyrighted within the U.S. The content of this document is not copyrighted.
=520  \\$aOver the course of the past 2 decades, I have analyzed a number of natural phenomena that reveal how Earth's near-surface air temperature responds to surface radiative perturbations. These studies all suggest that a 300 to 600 ppm doubling of the atmosphere's CO2 concentration could raise the planet's mean surface air temperature by only about 0.4°C. Even this modicum of warming may never be realized, however, for it could be negated by a number of planetary cooling forces that are intensified by warmer temperatures and by the strengthening of biological processes that are enhanced by the same rise in atmospheric CO2 concentration that drives the warming. Several of these cooling forces have individually been estimated to be of equivalent magnitude, but of opposite sign, to the typically predicted greenhouse effect of a doubling of the air's CO2 content, which suggests to me that little net temperature change will ultimately result from the ongoing buildup of CO2 in Earth's atmosphere. Consequently, I am skeptical of the predictions of significant CO2-induced global warming that are being made by state-of-the-art climate models and believe that much more work on a wide variety of research fronts will be required to properly resolve the issue.
=593  \\$aPubAg article
=650  \3$acarbon dioxide
=650  \3$aair temperature
=650  \3$agreenhouse effect
=650  \3$aelevated atmospheric gases
=650  \3$aglobal warming
=650  \3$aair
=650  \3$asurface temperature
=650  \3$aclimate models
=650  \3$aprediction
=653  \0$aatmosphere
=773  0\$tClimate research.$g1998, v. 10, no. 1 p.69-82$x0936-577X$7nnas
=787  1\$oislandora_article_repository
=787  1\$oproduct_pubag
=787  1\$oislandora_pubag_with_text
=787  1\$o(Journal)jnl4620463
=852  \\$aDNAL
=856  40$uhttps://handle.nal.usda.gov/10113/54792$3Available in the National Agricultural Library PubAg search system
=856  40$uhttp://dx.doi.org/10.3354/cr010069$3Available from publisher's Web site
=912  \\$aArticle
=914  \\$aJournal:jnl4620463$b0936-577X$c10$d1$e69
=914  \\$fClimate research
=917  \\$aissued
=935  \\$aIND44620500$9ExL
=949  \\$a2013-03-04
=956  \\$aARIS submission$bhttp://parking.nal.usda.gov/shortterm/110339_IdsoPotential1996.pdf
=960  \\$aARS submission
=961  \\$aUSDA/ARS
=962  \\$aJournal title changed from 'Climate research'
=962  \\$aBatch:67 annotated on 2012-11-02T09:46:08Z
=962  \\$aBatch:67 reviewed on 2012-11-13T18:00:01Z
=974  \\$aagid:54792
=984  \\$a2011-10-18
=985  \\$aConverted from MARCXML to MODS version 3.4 using MARC21slim2MODS3-4.xsl (Revision 1.77 2012/03/23)
=986  \\$a4620500

