=LDR  04962nab a2200649 u 4500
=001  9916105427207426
=005  20221120130953.0
=008  200814e202009\\xx\|||||o|||||||||||eng||
=016  7\$aIND607071692$2DNAL
=024  7\$a10.1111/ddi.13078$2doi
=035  \\$aagid:7071692-01nal_inst
=040  \\$aAGL$beng$cAGL
=100  1\$aPrasad, Anantha$eauthor$uNorthern Institute of Applied Climate Science and Northern Research Station, USDA Forest Service, Delaware, OH, USA$1https://orcid.org/0000-0002-4645-6260
=245  10$aCombining US and Canadian forest inventories to assess habitat suitability and migration potential of 25 tree species under climate change
=300  \\$ap. 1142-1159.
=500  \\$aJOURNAL ARTICLE
=520  \\$aAIM: To evaluate current and future dynamics of 25 tree species spanning United States and Canada. LOCATION: United States and Canada. METHODS: We combine, for the first time, the species compositions from relative importance derived from the USA's Forest Inventory Analysis (FIA) with gridded estimates based on Canada's National Forest Inventory (NFI‐kNN))‐based photo plot data to evaluate future habitats and colonization potentials for 25 tree species. Using 21 climatic variables under RCP 4.5 and RCP 8.5, we model climatic habitat suitability (HQ) within a consensus‐based multimodel ensemble regression approach. A migration model is used to assess colonization likelihoods (CL) for ~100 years and combined with HQ to evaluate the various combinations of HQ + CL outcomes for the 25 species. RESULTS: At a continental scale, many species in the conterminous United States lose suitable climatic habitat (especially under RCP 8.5) while Canada and USA's Alaska gain climate habitat. For most species, even under optimistic migration rates, only a small portion of overall future suitable habitat is projected to be naturally colonized in ~100 years, although considerable variation exists among species. MAIN CONCLUSIONS: For the species examined here, habitat losses were primarily experienced along southern range limits, while habitat gains were associated with northern range limits (especially under RCP 8.5). However, for many species, southern range limits are projected to remain relatively intact, albeit with reduced habitat quality. Our models predict that only a small portion of the climatic habitat generated by climate change will be colonized naturally by the end of the current century-even with optimistic tree migration rates. However, considerable variation among species points to the need for significant management efforts, including assisted migration, for economic or ecological reasons. Our work highlights the need to employ range‐wide data, evaluate colonization potentials and enhance cross‐border collaborations.
=592  \\$aPublisher supplied data
=593  \\$aPubAg article
=650  \3$aclimate change
=650  \3$aclimatic factors
=650  \3$aforest inventory
=650  \3$ahabitat destruction
=650  \3$ahabitats
=650  \3$amodels
=650  \3$anational forests
=650  \3$aregression analysis
=650  \3$atrees
=651  \3$aAlaska
=651  \3$aCanada
=700  1\$aPedlar, John$eauthor$uGreat Lakes Forestry Centre, Canadian Forest Service, Sault Ste Marie, ON, Canada
=700  1\$aPeters, Matt$eauthor$uNorthern Institute of Applied Climate Science and Northern Research Station, USDA Forest Service, Delaware, OH, USA
=700  1\$aMcKenney, Dan$eauthor$uGreat Lakes Forestry Centre, Canadian Forest Service, Sault Ste Marie, ON, Canada
=700  1\$aIverson, Louis$eauthor$uNorthern Institute of Applied Climate Science and Northern Research Station, USDA Forest Service, Delaware, OH, USA
=700  1\$aMatthews, Steve$eauthor$uNorthern Institute of Applied Climate Science and Northern Research Station, USDA Forest Service, Delaware, OH, USA
=700  1\$aAdams, Bryce$eauthor$uSchool of Environment and Natural Resources, Columbus, OH, USA
=773  0\$tDiversity & distributions.$g2020 Sept., v. 26, no. 9 p.1142-1159$dJohn Wiley & Sons, Ltd$wJournal:jnl3867071$x1366-9516$7nnas
=787  1\$oislandora_article_repository
=787  1\$oproduct_pubag
=787  1\$o(Journal)jnl3867071
=856  40$uhttp://dx.doi.org/10.1111/ddi.13078$3Available from publisher's site
=912  \\$aArticle
=914  \\$aJournal:jnl3867071$b1366-9516$c26$d9$e1142
=914  \\$fDiversity & distributions
=916  \\$aBatch:2595
=917  \\$aissued
=918  2\$aJohn Wiley & Sons, Inc$eprovider$5DNAL
=935  \\$aIND607071692$9ExL
=949  \\$a2020-10-30
=953  \\$a/data/metadata/incoming/wiley/13669516_2020_26_9.xml
=954  \\$afile:/data/metadata/staging/wiley/13669516_2020_26_9.xml
=955  \\$a/data/metadata/staging/wiley/
=961  \\$aUSDA/FS
=962  \\$aBatch:2595 reviewed on 2020-10-30T16:00:06Z
=974  \\$aagid:7071692
=983  \\$a2020-08-14
=984  \\$a2020-10-30

