=LDR  03826nab a2200601 u 4500
=001  9916106225907426
=005  20221123041009.0
=008  191122e20191106xx\|||||o|||||||||||eng||
=016  7\$aIND606770246$2DNAL
=024  7\$a10.3390/f10110989$2doi
=035  \\$aagid:6770246-01nal_inst
=040  \\$aAGL$beng$cAGL
=100  1\$aIverson, Louis  R.$eauthor$uUSDA Forest Service, Northern Research Station, Northern Institute of Applied Climate Science, 359 Main Road, Delaware, OH 43015, USA. louis.iverson@usda.gov
=245  10$aFacilitating Adaptive Forest Management under Climate Change: A Spatially Specific Synthesis of 125 Species for Habitat Changes and Assisted Migration over the Eastern United States
=520  \\$aWe modeled and combined outputs for 125 tree species for the eastern United States, using habitat suitability and colonization potential models along with an evaluation of adaptation traits. These outputs allowed, for the first time, the compilation of tree species’ current and future potential for each unit of 55 national forests and grasslands and 469 1 × 1 degree grids across the eastern United States. A habitat suitability model, a migration simulation model, and an assessment based on biological and disturbance factors were used with United States Forest Service Forest Inventory and Analysis data to evaluate species potential to migrate or infill naturally into suitable habitats over the next 100 years. We describe a suite of variables, by species, for each unique geographic unit, packaged as summary tables describing current abundance, potential future change in suitable habitat, adaptability, and capability to cope with the changing climate, and colonization likelihood over 100 years. This resulting synthesis and summation effort, culminating over two decades of work, provides a detailed data set that incorporates habitat quality, land cover, and dispersal potential, spatially constrained, for nearly all the tree species of the eastern United States. These tables and maps provide an estimate of potential species trends out 100 years, intended to deliver managers and publics with practical tools to reduce the vast set of decisions before them as they proactively manage tree species in the face of climate change.
=592  \\$aPublisher supplied data
=593  \\$aPubAg article
=650  \3$aUSDA Forest Service
=650  \3$aclimate change
=650  \3$adata collection
=650  \3$aforest inventory
=650  \3$aforest management
=650  \3$agrasslands
=650  \3$ahabitats
=650  \3$aland cover
=650  \3$anational forests
=650  \3$asimulation models
=650  \3$atrees
=651  \3$aEastern United States
=700  1\$aPrasad, Anantha  M.$eauthor
=700  1\$aPeters, Matthew  P.$eauthor
=700  1\$aMatthews, Stephen  N.$eauthor
=773  0\$tForests.$g2019 Nov. 06, v. 10, no. 11$dMultidisciplinary Digital Publishing Institute$wJournal:2257$x1999-4907$7nnas
=787  1\$oislandora_article_repository
=787  1\$oproduct_pubag
=787  1\$o(Journal)2257
=856  40$uhttp://dx.doi.org/10.3390/f10110989$3Available from publisher's site
=912  \\$aArticle
=914  \\$aJournal:2257$b1999-4907$c10$d11
=914  \\$fForests
=916  \\$aBatch:2595
=917  \\$aissued
=918  2\$aMultidisciplinary Digital Publishing Institute$eprovider$5DNAL
=935  \\$aIND606770246$9ExL
=949  \\$a2020-10-30
=953  \\$a/data/metadata/incoming/mdpinstitute/forests-v10-i11-20191122.xml
=954  \\$afile:/data/metadata/staging/mdpinstitute/forests-v10-i11-20191122.xml
=955  \\$a/data/metadata/staging/mdpinstitute/
=961  \\$aUSDA/FS
=962  \\$aBatch:2595 reviewed on 2020-10-30T16:00:06Z
=974  \\$aagid:6770246
=983  \\$a2019-11-22
=984  \\$a2020-10-30

