=LDR  05051nab a2200769 u 4500
=001  9916109118807426
=005  20221121071554.0
=008  220811e201807\\xx\|||||o|||||||||||eng||
=016  7\$aIND606663978$2DNAL
=024  7\$a10.2134/jeq2017.09.0379$2doi
=035  \\$aagid:6663978-01nal_inst
=040  \\$aAGL$beng$cAGL
=100  1\$aWienhold, Brian J.$eauthor$uUSDA‐ARS Agroecosystem Management Research Unit, Lincoln, NE
=245  10$aSoil Carbon Response to Projected Climate Change in the US Western Corn Belt
=300  \\$ap. 704-709.
=500  \\$aJOURNAL ARTICLE
=500  \\$aepub
=520  \\$aThe western US Corn Belt is projected to experience major changes in growing conditions due to climate change over the next 50 to 100 yr. Projected changes include increases in growing season length, number of high temperature stress days and warm nights, and precipitation, with more heavy rainfall events. The impact these changes will have on soil organic carbon (SOC) needs to be estimated and adaptive changes in management developed to sustain soil health and system services. The process‐based model CQESTR was used to model changes in SOC stocks (0-30 cm) of continuous corn (Zea mays L.) and a corn-soybean [Glycine max (L.) Merr.] rotation under disk, chisel, ridge, and no‐tillage using projected growing season conditions for the next 50 yr. Input for the model was based on management and harvest records from a long‐term tillage study (1986-2015) in eastern Nebraska, and model output was validated using measured changes in SOC from 1999 to 2011 in the study. The validated model was used to estimate changes in SOC over 17 yr under climatic conditions projected for 2065 under two scenarios: (i) crop yields increasing at the observed rate from 1971 to 2016 or (ii) crop yields reduced due to negative effects of increasing temperature. CQESTR estimates of SOC agreed well with measured SOC (R² = 0.70, P < 0.0001). Validated model simulated changes in SOC under projected climate change differed among the three soil depths (0-7.5, 7.5-15, and 15-30 cm). Summed over the 0‐ to 30‐cm depth, there were significant three‐way interactions of year × rotation × yield (p = 0.014) and year × tillage × yield (p < 0.001). As yield increased, SOC increased under no‐tillage continuous corn but was unchanged under no‐tillage corn-soybean and ridge tillage regardless of cropping system. Under chisel and disk tillage, SOC declined regardless of cropping system. With declining yields SOC decreased regardless of tillage or cropping system. These results highlight the interaction between genetics and management in maintaining yield trends and soil C. CORE IDEAS: Improvements in management and genetics will be needed to maintain or increase C sequestration. Conservation tillage practices that minimize soil disturbance sustain soil organic C. Decreasing crop yields will require additional input to sustain current soil organic C levels.
=592  \\$aPublisher supplied data
=593  \\$aPubAg article
=650  \3$aGlycine max
=650  \3$aZea mays
=650  \3$achiseling
=650  \3$aclimate change
=650  \3$aclimatic factors
=650  \3$acorn
=650  \3$acrop rotation
=650  \3$acrop yield
=650  \3$adiscing
=650  \3$agrowing season
=650  \3$aheat stress
=650  \3$amodel validation
=650  \3$amodels
=650  \3$ano-tillage
=650  \3$arain
=650  \3$aridge tillage
=650  \3$asoil depth
=650  \3$asoil organic carbon
=650  \3$asoil quality
=650  \3$asoybeans
=650  \3$atemperature
=651  \3$aCorn Belt region
=651  \3$aNebraska
=651  \3$aWestern United States
=700  1\$aJin, Virginia L.$eauthor$uUSDA‐ARS Agroecosystem Management Research Unit, Lincoln, NE
=700  1\$aSchmer, Marty R.$eauthor$uUSDA‐ARS Agroecosystem Management Research Unit, Lincoln, NE
=700  1\$aVarvel, Gary E.$eauthor$uUSDA‐ARS Agroecosystem Management Research Unit, Lincoln, NE
=773  0\$tJournal of environmental quality.$g2018 July, v. 47, no. 4 p.704-709$dThe American Society of Agronomy, Crop Science Society of America, and Soil Science Society of America, Inc.$wJournal:jnl1642$x0047-2425$7nnas
=787  1\$oislandora_article_repository
=787  1\$oproduct_pubag
=787  1\$o(Journal)jnl1642
=856  40$uhttps://dx.doi.org/10.2134/jeq2017.09.0379$3Available from publisher's site
=912  \\$aArticle
=914  \\$aJournal:jnl1642$b0047-2425$c47$d4$e704
=914  \\$fJournal of environmental quality
=916  \\$aBatch:2359
=917  \\$aissued
=918  2\$aJohn Wiley & Sons, Inc$eprovider$5DNAL
=935  \\$aIND606663978$9ExL
=949  \\$a2020-01-22
=953  \\$a/data/metadata/incoming/wiley/00472425_2018_47_4.xml
=954  \\$afile:/data/metadata/staging/wiley/00472425_2018_47_4.xml
=955  \\$a/data/metadata/staging/wiley/
=961  \\$aUSDA/ARS
=974  \\$aagid:6663978
=983  \\$a2022-08-11
=984  \\$a2022-08-11

