=LDR  03987nab a2200721 u 4500
=001  9916109997707426
=005  20221121135129.0
=008  150325e20150102xx\|||||o|||||||||||eng||
=016  7\$aIND601226479$2DNAL
=024  7\$a10.1080/21606544.2014.963165$2doi
=035  \\$aagid:1226479-01nal_inst
=040  \\$aAGL$beng$cAGL
=100  1\$aPalatnik, Ruslana Rachel$eauthor$uDepartment of Economics and Management, The Max Stern Yezreel Valley College, Israel
=245  10$aEconomic valuation of climate change-induced biodiversity impacts on agriculture: results from a macro-economic application to the Mediterranean basin
=300  \\$ap. 45-63.
=520  \\$aIt is clear that climate change involves changes in temperature and precipitation and, therefore, directly affects land productivity. However, this is not the only channel for climatic change to affect agro-systems. Biodiversity is also subject to climatic change. The present paper illustrates a unique attempt to economically assess the potential effects of climate change induced impacts of biodiversity on the agricultural sector in terms of changes in land productivity, changes in agricultural output and, ultimately, changes in national GDPs. Economic valuation shows that climate change induced impacts on biodiversity cause significant changes in GDP. However, the intensity of these changes varies across the economies under consideration. Some countries, and respective economies, show to be less resilient than others and, most of the time, the welfare changes involved clearly signal the presence of winners and losers. For example, the majority of non-EU Mediterranean economies are subject to a negative impact in their national GDP due to climate change-induced impacts on biodiversity that will be hampering the negative effect of climatic conditions on agro-ecosystems. These results reiterate the importance of welfare analyses of climate change-caused impacts on biodiversity that focus on the redistributive aspects involved with these impacts.
=592  \\$aPublisher supplied data
=593  \\$aPubAg article
=650  \3$aagricultural industry
=650  \3$aagroecosystems
=650  \3$abasins
=650  \3$abiodiversity
=650  \3$aclimate change
=650  \3$aclimatic factors
=650  \3$acrop production
=650  \3$aeconomic valuation
=650  \3$aenvironmental impact
=650  \3$agross domestic product
=650  \3$aland productivity
=650  \3$alivestock production
=650  \3$atemperature
=651  \3$aMediterranean region
=653  \0$aautonomous adaptation
=653  \0$amicro-econometric modelling
=653  \0$acomputable general equilibrium modelling
=653  \0$abiodiversity indicator
=653  \0$aland productivity
=653  \0$ahuman welfare
=653  \0$aC68
=653  \0$aQ15
=653  \0$aQ54
=653  \0$aQ57
=700  1\$aLourenço Dias Nunes, Paulo Augusto$eauthor$uAgriculture and Environmental Services Department, Wealth Accounting and Valuation of Ecosystem Services (WAVES), The World Bank, WashingtonDC, USA
=773  0\$tJournal of environmental economics and policy.$g2015 Jan. 2, v. 4, no. 1 p.45-63$dRoutledge$x2160-6552$7nnas
=787  1\$oislandora_article_repository
=787  1\$oproduct_pubag
=787  1\$o(Journal)19685
=856  40$uhttp://dx.doi.org/10.1080/21606544.2014.963165$3Available from publisher's site
=912  \\$aArticle
=914  \\$aJournal:19685$b2160-6552$c4$d1$e45
=914  \\$fJournal of environmental economics and policy
=916  \\$aBatch:1036
=917  \\$aissued
=918  2\$aTaylor & Francis Group$eprovider$5DNAL
=935  \\$aIND601226479$9ExL
=949  \\$a2015-09-17
=953  \\$ateep20_teep20.v004.i01_20150323192053#5813433.zip
=961  \\$aUSDA
=962  \\$aBatch:1036 reviewed on 2015-09-11T16:00:03Z
=962  \\$aBatch:1036 reviewed on 2015-09-17T16:00:02Z
=974  \\$aagid:1226479
=983  \\$a2015-03-25
=984  \\$a2015-09-17

