=LDR  01695nab a2200505 u 4500
=001  9916112374407426
=005  20221120055133.0
=008  090123s2008\\\\xx\|||||o|||||||||||eng||
=016  7\$aIND44152606$2DNAL
=035  \\$aagid:4870179-01nal_inst
=040  \\$aAGL$beng$cAGL
=072  \0$a     F300   
=072  \0$a     B200   
=072  \0$a     K001   
=100  1\$aCrow, Thomas R.
=245  10$aManaging forest landscapes for climate change
=500  \\$a2019-12-06
=650  \3$alandscape ecology
=650  \3$auncertainty
=650  \3$aforest management
=650  \3$aglobal warming
=650  \3$aforest ecosystems
=650  \3$astand composition
=650  \3$astand structure
=650  \3$adecision making
=650  \3$aforests
=653  \0$aclimate change
=653  \0$ascale
=773  0\$tPatterns and processes in forest landscapes : multiple use and sustainable management / edited by Raffaele Lafortezza ... [et al.].$dDordrecht ; London : Springer, 2008.$7nnas
=787  1\$oislandora_article_repository
=852  \\$aDNAL
=912  \\$aArticle
=914  \\$fPatterns and processes in forest landscapes : multiple use and sustainable management / edited by Raffaele Lafortezza ... [et al.]
=917  \\$aorphan
=930  \\$a20090204$b20090301$c00000000
=935  \\$aIND44152606$9ExL
=945  \\$aIND$dLYN$e2009/01/29
=946  \\$aNon-US
=952  \\$a20090204 20090301 00000000$bIND LYN 2009/01/29
=961  \\$aUSDA/FS
=974  \\$aagid:4870179
=979  \\$aArticle missing pages
=984  \\$a2014-12-19
=985  \\$aConverted from MARCXML to MODS version 3.4 using MARC21slim2MODS3-4.xsl (Revision 1.95 2014/04/23)
=986  \\$a4152606

