=LDR  06412nab a2200925 u 4500
=001  9916114967207426
=005  20221215142817.0
=008  180905s2017\\\\xx\|||||o|||||||||||eng||
=016  7\$aIND605813490$2DNAL
=024  7\$a10.1016/j.crm.2017.08.001$2chorus
=024  7\$a10.1016/j.crm.2017.08.001$2doi
=024  7\$a10.1016/j.crm.2017.08.001$2chorusOpen
=035  \\$aagid:5813490-01nal_inst
=040  \\$aAGL$beng$cAGL
=100  1\$aAraya, A.$eauthor$uKansas State University, Southwest Research and Extension Center, Garden City, KS, United States
=245  10$aEvaluating the impact of future climate change on irrigated maize production in Kansas
=300  \\$ap. 139-154.
=506  \\$aResource is Open Access$uhttp://purl.org/eprint/accessRights/OpenAccess
=506  \\$aCHORUS License Information
=520  \\$aThe United States southern and central High Plains including western Kansas are experiencing declining ground water supplies from the Ogallala as a result of withdrawals for irrigation exceeding annual recharge, this situation will be exacerbated by future climate change. The purpose of this simulation based study was to 1) assess the impact of future climate change on maize (Zea mays L.) yield in western Kansas; and 2) evaluate and understand the possible impacts of climate change on maize irrigation water productivity, transpiration, evapotranspiration and days to maturity. The Crop Estimation through Resource and Environment Synthesis (CERES-Maize) crop model within the Decision Support System for Agrotechnology Transfer Cropping Systems Model (DSSAT-CSM) was used in combination with multiple Global Climate Models under two Representative Concentration Pathways (RCPs), and two irrigation scenarios [full (450mm) and deficit (300)] under three planting dates [early (20th April), normal (5th May) and late (15th May)]. Results showed that maize yield during the mid-21st century will decline relative to the present on average by 18-33% under RCP4.5 and 37-46% under RCP8.5. The yield decline might be caused mainly by shortening of the growing period (9-18% decline in days to maturity), attributed to elevated temperatures. The reduction in transpiration relative to the baseline reached 15% for RCP8.5 under deficit irrigation whereas the reduction was minimal (1-7%) under full irrigation. Indicating that significant yield reductions might occur due to combined effects of deficit irrigation and shortening of the maturity period. Yield increase due to elevated CO2 concentration [CO2] might be masked by the increased temperatures. The current study showed large disparity in simulated yield among the various GCMs. Planting date did not substantially improve yield but there was less simulation variability among GCMs with early planting compared to normal and late planting. There was no substantial difference among the planting dates for water productivity, however, there was a slight tendency of improvement in irrigation water productivity for deficit irrigation under early planting compared to normal and late planting. Under all planting dates and RCPs, the irrigation water productivity of maize under deficit irrigation was slightly higher than that under full irrigation. The difference in irrigation water productivity of maize between the deficit and full irrigation was larger for early compared to normal and late planting. These differences justify that early planting may be suitable under future climate compared to late planting even though the simulated yield with early planting under similar RCPs and irrigation levels are not significantly different from late planting.
=592  \\$aPublisher supplied data
=593  \\$aPubAg article
=596  \\$cNational Institute of Food and Agriculture$dhttps://doi.org/10.13039/100005825
=506  0\$fUnrestricted online access$2star
=650  \3$aZea mays
=650  \3$acarbon dioxide
=650  \3$acarbon dioxide enrichment
=650  \3$aclimate
=650  \3$aclimate change
=650  \3$aclimate models
=650  \3$acorn
=650  \3$acrop models
=650  \3$acrop yield
=650  \3$acropping systems
=650  \3$adecision support systems
=650  \3$adeficit irrigation
=650  \3$aevapotranspiration
=650  \3$airrigation rates
=650  \3$airrigation water
=650  \3$aplanting date
=650  \3$arisk management
=650  \3$atemperature
=650  \3$atranspiration
=650  \3$awater supply
=651  \3$aKansas
=653  \0$aMaize
=653  \0$aIrrigation
=653  \0$aRCP
=653  \0$aGCM
=653  \0$aDSSAT-CSM
=653  \0$aClimate change
=700  1\$aKisekka, I.$eauthor$uKansas State University, Southwest Research and Extension Center, Garden City, KS, United States
=700  1\$aLin, X.$eauthor$uKansas State University, Department of Agronomy, Manhattan, KS, United States
=700  1\$aVara Prasad, P.V.$eauthor$uKansas State University, Sustainable Intensification Innovation Lab, United States$1https://orcid.org/0000-0001-6632-3361
=700  1\$aGowda, P.H.$eauthor$uUSDA-ARS Grazinglands Research Laboratory, United States
=700  1\$aRice, C.$eauthor$uKansas State University, Department of Agronomy, Manhattan, KS, United States
=700  1\$aAndales, A.$eauthor$uColorado State University, Department of Soil and Crop Sciences, Fort Collins, CO, United States
=773  0\$tClimate risk management.$g2017, v. 17 p.139-154$dElsevier B.V.$wJournal:23250$x2212-0963$7nnas
=787  1\$oislandora_article_repository
=787  1\$oproduct_pubag
=787  1\$o(Journal)23250
=856  40$uhttps://dx.doi.org/10.1016/j.crm.2017.08.001$3Available from publisher's site
=856  40$uhttp://handle.nal.usda.gov/10113/5813490
=912  \\$aArticle
=914  \\$aJournal:23250$b2212-0963$c17$e139
=914  \\$fClimate risk management
=916  \\$aBatch:1853
=917  \\$aissued
=918  2\$aElsevier Consyn$eprovider$5DNAL
=935  \\$aIND605813490$9ExL
=949  \\$a2020-03-06
=953  \\$a/data/metadata/incoming/consyn/22-2-00082-HEAD-ONLY.zip
=954  \\$afile:/data/metadata/staging/consyn/S2212096317300220.xml
=955  \\$a/data/metadata/staging/consyn/
=961  \\$aUSDA/ARSUSDA
=962  \\$aUSDA Scientist Submission; eISSN 2212-0963
=962  \\$aMissing ISSN
=974  \\$aagid:5813490
=983  \\$a2018-09-05
=984  \\$a2022-09-06

