=LDR  06196nab a2200841 u 4500
=001  9916115626107426
=005  20221120175533.0
=008  191113e20191002xx\|||||o|||||||||||eng||
=016  7\$aIND606760015$2DNAL
=024  7\$a10.1080/10402381.2019.1622612$2doi
=035  \\$aagid:6760015-01nal_inst
=040  \\$aAGL$beng$cAGL
=100  1\$aMagee, Madeline R.$eauthor$uCenter for Limnology, University of Wisconsin-Madison, Madison, WI, USA
=245  10$aScientific advances and adaptation strategies for Wisconsin lakes facing climate change
=300  \\$ap. 364-381.
=520  \\$aMagee, MR, Hein CL, Walsh JR, Shannon PD, Vander Zanden MJ, Campbell TB, Hansen GJA, Hauxwell J, LaLiberte, GD, Parks TP, Sass GG, Swanston CW, Janowiak MK. 2019. Scientific advances and adaptation strategies for Wisconsin lakes facing climate change. Lake Reserv Manage. 35:364-381. Climate change threatens inland lakes, which are highly valued for their ecological and economic benefits. Here, we synthesize adaptation strategies that could offset climate impacts on Midwestern lakes. Our synthesis is based on results from the Wisconsin Initiative on Climate Change Impacts lake adaptation workshop, in which 48 researchers and managers with expertise on Wisconsin's inland lakes gathered to provide input on climate adaptation strategies. We identified recent scientific advances, knowledge gaps, and examples of successful climate adaptation strategies with respect to four key themes: lake levels, water quality, aquatic invasive species, and fisheries. While adaptation strategies for each theme differed, there was consensus around the need for a multifaceted approach that incorporates communication and outreach, policy and regulation changes, traditional resource conservation approaches, and novel engineering designs. Managers should focus on protecting high-quality lakes, building lake resilience, and retaining beneficial ecosystem services. Most importantly, thoughtful and strategic interactions with stakeholders, policymakers, and researchers across multiple disciplines will be key to implementing climate adaptation strategies.
=536  \\$aFunding for the workshop was provided to the Wisconsin Initiative on Climate Change Impacts through a grant from the U.S. Geological Survey (grant/cooperative agreement no. G16AP00092) to the Wisconsin Water Resources Institute (WR16R003, 2016WI351B). The views and conclusions contained in this document are those of the authors and should not be interpreted as representing the opinions or policies of the U.S. Geological Survey. Mention of trade names or commercial products does not constitute their endorsement by the U.S. Geological Survey. M. R. Magee was supported by a Department of Interior Northeast Climate Adaptation Science Center postdoctoral fellowship and through the Wisconsin Initiative on Climate Change Impacts.
=592  \\$aPublisher supplied data
=593  \\$aPubAg article
=596  \\$cWisconsin Initiative on Climate Change Impacts
=596  \\$aG16AP00092$cU.S. Geological Survey
=596  \\$aWR16R003$a2016WI351B$cWisconsin Water Resources Institute
=650  \3$aclimate
=650  \3$aclimate change
=650  \3$aecosystem services
=650  \3$aengineering
=650  \3$afinancial economics
=650  \3$afisheries
=650  \3$ainvasive species
=650  \3$aissues and policy
=650  \3$alakes
=650  \3$aoutreach
=650  \3$aparks
=650  \3$astakeholders
=650  \3$awater quality
=651  \3$aWisconsin
=653  \0$aAIS
=653  \0$aclimate adaptation
=653  \0$ainland lakes
=653  \0$alake levels
=700  1\$aHein, Catherine L.$eauthor$uWisconsin Department of Natural Resources, Madison, WI, USA
=700  1\$aWalsh, Jake R.$eauthor$uCenter for Limnology, University of Wisconsin-Madison, Madison, WI, USA
=700  1\$aShannon, P. Danielle$eauthor$uNorthern Institute of Applied Climate Science, USDA Northern Forests Climate Hub, Houghton, MI, USA
=700  1\$aVander Zanden, M. Jake$eauthor$uCenter for Limnology, University of Wisconsin-Madison, Madison, WI, USA
=700  1\$aCampbell, Timothy B.$eauthor$uUniversity of Wisconsin Sea Grant Institute, Madison, WI, USA
=700  1\$aHansen, Gretchen J. A.$eauthor$uDepartment of Fisheries, Wildlife, and Conservation Biology, University of Minnesota, St. Paul, MN, USA
=700  1\$aHauxwell, Jennifer$eauthor$uUniversity of Wisconsin Sea Grant Institute, Madison, WI, USA
=700  1\$aLaLiberte, Gina D.$eauthor$uWisconsin Department of Natural Resources, Madison, WI, USA
=700  1\$aParks, Timothy P.$eauthor$uWisconsin Department of Natural Resources, Wausau, WI, USA
=700  1\$aSass, Greg G.$eauthor$uEscanaba Lake Research Station, Office of Applied Science, Wisconsin Department of Natural Resources, Boulder Junction, WI, USA
=700  1\$aSwanston, Christopher W.$eauthor$uNorthern Institute of Applied Climate Science, USDA Northern Forests Climate Hub, Houghton, MI, USA
=700  1\$aJanowiak, Maria K.$eauthor$uNorthern Institute of Applied Climate Science, USDA Northern Forests Climate Hub, Houghton, MI, USA
=773  0\$tLake and reservoir management.$g2019 Oct. 2, v. 35, no. 4 p.364-381$dTaylor & Francis$wJournal:jnl45943$x2151-5530$7nnas
=787  1\$oislandora_article_repository
=787  1\$oproduct_pubag
=787  1\$o(Journal)jnl45943
=856  40$uhttp://dx.doi.org/10.1080/10402381.2019.1622612$3Available from publisher's site
=912  \\$aArticle
=914  \\$aJournal:jnl45943$b2151-5530$c35$d4$e364
=914  \\$fLake and reservoir management
=916  \\$aBatch:2415
=917  \\$aissued
=918  2\$aTaylor & Francis Group$eprovider$5DNAL
=935  \\$aIND606760015$9ExL
=949  \\$a2020-03-11
=953  \\$a/data/metadata/incoming/taylorfrancis/ulrm20_ulrm20.v035.i04_20191113051620#18530765.zip
=954  \\$afile:/data/metadata/staging/taylorfrancis/10402381.2019.1622612.xml
=955  \\$a/data/metadata/staging/taylorfrancis/
=961  \\$aUSDA/FSUSDA
=962  \\$aBatch:2415 reviewed on 2020-03-11T10:00:05Z
=974  \\$aagid:6760015
=983  \\$a2019-11-13
=984  \\$a2020-03-11

