=LDR  06360nab a2200793 u 4500
=001  9916115627307426
=005  20221120191026.0
=008  191113e20191002xx\|||||o|||||||||||eng||
=016  7\$aIND606760017$2DNAL
=024  7\$a10.1080/10402381.2019.1678535$2doi
=035  \\$aagid:6760017-01nal_inst
=040  \\$aAGL$beng$cAGL
=100  1\$aTingley, Ralph W.$eauthor$uMissouri Cooperative Fish and Wildlife Research Unit, School of Natural Resources, University of Missouri, 302 Anheuser-Busch Natural Resources Building, Columbia, MO 65211-7240
=245  10$aAdapting to climate change: guidance for the management of inland glacial lake fisheries
=300  \\$ap. 435-452.
=520  \\$aTingley RW III, Paukert CP, Sass GG, Jacobson PC, Hansen GJA, Lynch AJ, Shannon PD. 2019. Adapting to climate change: Guidance for the management of inland glacial lake fisheries. Lake Reserv Manage. 35:435-452. Climate change is altering glacial lake fisheries in the United States, presenting a complex challenge for fisheries managers. Here we provide a regional perspective to guide management of heterogeneous and yet interdependent fishery resources in glacial lakes of the upper Midwest. Our main objective was to promote the adaptation of inland glacial lakes fisheries management to climate change by outlining processes that support regional plans. Using examples from the glacial lakes region, we outline an approach for regional prioritization, specify strategies for moving from regional prioritization to on-the-ground action, and provide guidance on the implementation of management plans given resource limitations and potential stakeholder conflict. We find that integrating ecological, social, and economic data with climate change vulnerability assessments can be useful in generating "lake-priority levels" to help identify where to focus actions to support system resilience. Managers can use lake-priority levels and ecosystem-specific strategies to make decisions about where and when to apply fisheries management action ranging from traditional (i.e., stocking, harvest regulations) to nontraditional approaches (i.e., catchment land management). Although the implementation of several approaches may be beyond an agency's financial and logistical capacity, funds can be secured through other sources ranging from grant programs to nontraditional partnerships identified by "thinking outside the lake." Regional plans may be an important step toward successful climate adaptation for inland glacial lakes fisheries management, and the proactive efforts of managers may help facilitate their development and implementation.
=536  \\$aFinancial support for this research was provided by the US Geological Survey (USGS)-Missouri Cooperative Fish and Wildlife Research Unit through research grant G18AC00357 from the USGS National Climate Adaptation Science Center. Additional funding was provided by the United States Fish and Wildlife Service Federal Aid in Sportfish Restoration program, F-95-R, and the Wisconsin Department of Natural Resources. The Missouri Cooperative Fish and Wildlife Research Unit is jointly sponsored by the US Geological Survey, Missouri Department of Conservation, University of Missouri, the Wildlife Management Institute, and the US Fish and Wildlife Service. Any use of trade, firm, or product names is for descriptive purposes only and does not imply endorsement by the US government.
=592  \\$aPublisher supplied data
=593  \\$aPubAg article
=596  \\$aG18AC00357$cUS Geological Survey (USGS)-Missouri Cooperative Fish and Wildlife Research Unit
=596  \\$cUnited States Fish and Wildlife Service Federal Aid in Sportfish Restoration program, F-95-R
=596  \\$cWisconsin Department of Natural Resources
=596  \\$cUS Geological Survey
=596  \\$cMissouri Department of Conservation, University of Missouri
=596  \\$cWildlife Management Institute
=596  \\$cUS Fish and Wildlife Service
=650  \3$aclimate
=650  \3$aclimate change
=650  \3$adecision making
=650  \3$afisheries
=650  \3$afisheries management
=650  \3$afishery resources
=650  \3$alakes
=650  \3$aland management
=650  \3$aprioritization
=650  \3$arisk assessment
=650  \3$astakeholders
=650  \3$awatersheds
=651  \3$aMidwestern United States
=653  \0$aAdaptation
=653  \0$aglacial lakes
=653  \0$aregional approach
=700  1\$aPaukert, Craig$eauthor$uUS Geological Survey, Missouri Cooperative Fish and Wildlife Research Unit, School of Natural Resources, University of Missouri, Columbia, MO
=700  1\$aSass, Greg G.$eauthor$uEscanaba Lake Research Station, Office of Applied Science, Wisconsin Department of Natural Resources, Boulder Junction, WI
=700  1\$aJacobson, Peter C.$eauthor$uMinnesota Department of Natural Resources, Park Rapids, MN
=700  1\$aHansen, Gretchen J. A.$eauthor$uUniversity of Minnesota, Department of Fisheries, Wildlife, and Conservation Biology, St. Paul, MN
=700  1\$aLynch, Abigail J.$eauthor$uUS Geological Survey, National Climate Adaptation Science Center, Reston, VA
=700  1\$aShannon, P. Danielle$eauthor$uNorthern Institute of Applied Climate Science, USDA Northern Forests Climate Hub, Houghton, MI
=773  0\$tLake and reservoir management.$g2019 Oct. 2, v. 35, no. 4 p.435-452$dTaylor & Francis$wJournal:jnl45943$x2151-5530$7nnas
=787  1\$oislandora_article_repository
=787  1\$oproduct_pubag
=787  1\$o(Journal)jnl45943
=856  40$uhttp://dx.doi.org/10.1080/10402381.2019.1678535$3Available from publisher's site
=912  \\$aArticle
=914  \\$aJournal:jnl45943$b2151-5530$c35$d4$e435
=914  \\$fLake and reservoir management
=916  \\$aBatch:2415
=917  \\$aissued
=918  2\$aTaylor & Francis Group$eprovider$5DNAL
=935  \\$aIND606760017$9ExL
=949  \\$a2020-03-11
=953  \\$a/data/metadata/incoming/taylorfrancis/ulrm20_ulrm20.v035.i04_20191113051620#18530765.zip
=954  \\$afile:/data/metadata/staging/taylorfrancis/10402381.2019.1678535.xml
=955  \\$a/data/metadata/staging/taylorfrancis/
=961  \\$aUSDA
=962  \\$aBatch:2415 reviewed on 2020-03-11T10:00:05Z
=974  \\$aagid:6760017
=983  \\$a2019-11-13
=984  \\$a2020-03-11

