=LDR  05649nab a2200865 u 4500
=001  9916116023307426
=005  20221207131814.0
=008  190701e201907\\xx\|||||o|||||||||||eng||
=016  7\$aIND606487360$2DNAL
=024  7\$a10.1111/1365-2745.13144$2doi
=024  7\$a10.1111/1365-2745.13144$2chorus
=035  \\$aagid:6487360-01nal_inst
=040  \\$aAGL$beng$cAGL
=100  1\$aWang, Wen J.$eauthor$uSchool of Natural Resources, University of Missouri, Columbia, Missouri$1https://orcid.org/0000-0002-2769-671X
=245  10$aClimate change and tree harvest interact to affect future tree species distribution changes
=300  \\$ap. 1901-1917.
=500  \\$aJOURNAL ARTICLE
=506  \\$aResource is Open Access
=506  \\$aWiley License Information
=520  \\$aTree harvest and climate change can interact to have synergistic effects on tree species distribution changes. However, few studies have investigated the interactive effects of tree harvest and climate change on tree species distributions. We assessed the interactive effects of tree harvest and climate change on the distribution of 29 dominant tree species at 270 m resolution in the southern United States, while accounting for species demography, competition, urban growth and natural fire. We simulated tree species distribution changes to year 2100 using a coupled forest dynamic model (LANDIS PRO), ecosystem process model (LINKAGES) and urban growth model (SLEUTH). The distributions of 20 tree species contracted and nine species expanded within the region under climate change by end of 21st century. Distribution changes for all tree species were very slow and lagged behind the changes in potential distributions that were in equilibrium with new climatic conditions. Tree harvest and climate change interacted to affect species occurrences and colonization but not extinction. Occurrence and colonization were mainly affected by tree harvest and its interaction with climate change while extinctions were mainly affected by tree harvest and climate change. Synthesis and applications. Interactive effects of climate and tree harvest acted in the same direction as climate change effects on species occurrences, thereby accelerating climate change induced contraction or expansion of distributions. The overall interactive effects on species colonization were negative, specifically with positive interactive effects at leading edges of species ranges and negative interactive effects at trailing edges. Tree harvest generally did not interact with climate change to greatly facilitate or ameliorate species extinction. Our modelling results highlight the importance of considering disturbances and species demography (e.g. post‐harvest regeneration dynamics) when predicting changes in tree distributions.
=592  \\$aPublisher supplied data
=593  \\$aPubAg article
=596  \\$cChinese Academy of Sciences$dhttps://doi.org/10.13039/501100002367
=596  \\$cNational Natural Science Foundation of China$dhttps://doi.org/10.13039/501100001809
=596  \\$cUSDA$dhttps://doi.org/10.13039/100000199
=596  \\$cUSGS$dhttps://doi.org/10.13039/100000203
=596  \\$cUniversity of Missouri$dhttps://doi.org/10.13039/100007165
=596  \\$aY7H7031001$cChinese Academy of Sciences
=596  \\$aY8B7051001$cChinese Academy of Sciences
=596  \\$a41871045$cNational Natural Science Foundation of China
=596  \\$cUSGS Northeast Climate Science Center
=596  \\$cUniversity of Missouri‐Columbia
=596  \\$cUSDA Forest Service Northern Research Station
=506  0\$fUnrestricted online access$2star
=650  \3$aclimate change
=650  \3$aclimatic factors
=650  \3$ademography
=650  \3$adynamic models
=650  \3$aecosystems
=650  \3$aextinction
=650  \3$aforests
=650  \3$ageographical distribution
=650  \3$agrowth models
=650  \3$aprediction
=650  \3$asynergism
=650  \3$atrees
=650  \3$aurbanization
=651  \3$aSoutheastern United States
=700  1\$aThompson, Frank R., III$cIII$eauthor$uUSDA Forest Service, Northern Research Station, Columbia, Missouri
=700  1\$aHe, Hong S.$eauthor$uSchool of Natural Resources, University of Missouri, Columbia, Missouri
=700  1\$aFraser, Jacob S.$eauthor$uSchool of Natural Resources, University of Missouri, Columbia, Missouri
=700  1\$aDijak, William D.$eauthor$uUSDA Forest Service, Northern Research Station, Columbia, Missouri
=700  1\$aJones‐Farrand, Todd$eauthor$uGulf Coastal Plains & Ozarks Landscape Conservation Cooperative, University of Missouri, Columbia, Missouri
=773  0\$tjournal of ecology.$g2019 July, v. 107, no. 4 p.1901-1917$dJohn Wiley & Sons, Ltd$wJournal:jnl44660$x0022-0477$7nnas
=787  1\$oislandora_article_repository
=787  1\$oproduct_pubag
=787  1\$o(Journal)jnl44660
=856  40$uhttp://dx.doi.org/10.1111/1365-2745.13144$3Available from publisher's site
=903  \\$aVersion of Record
=912  \\$aArticle
=914  \\$aJournal:jnl44660$b0022-0477$c107$d4$e1901
=914  \\$fjournal of ecology
=916  \\$aBatch:2293
=917  \\$aissued
=918  2\$aJohn Wiley & Sons, Inc$eprovider$5DNAL
=935  \\$aIND606487360$9ExL
=949  \\$a2020-03-06
=953  \\$a/data/metadata/incoming/wiley/00220477_2019_107_4.xml
=954  \\$afile:/data/metadata/staging/wiley/00220477_2019_107_4.xml
=955  \\$a/data/metadata/staging/wiley/
=961  \\$aUSDA/FS
=962  \\$aBatch:2293 reviewed on 2019-09-04T14:00:03Z
=974  \\$aagid:6487360
=983  \\$a2019-07-01
=984  \\$a2020-03-06

