=LDR  05299nab a2200841 u 4500
=001  9916117888207426
=005  20221207123335.0
=008  210812e20210901xx\|||||o|||||||||||eng||
=016  7\$aIND607422804$2DNAL
=024  7\$a10.1016/j.agwat.2021.107042$2chorus
=024  7\$a10.1016/j.agwat.2021.107042$2doi
=035  \\$aagid:7422804-01nal_inst
=040  \\$aAGL$beng$cAGL
=100  1\$aLi, Yizhuo$eauthor$uDepartment of Crop, Soil and Environment Sciences, Auburn University, AL 36849, United States
=245  10$aClimate change and cover crop effects on water use efficiency of a corn-soybean rotation system
=506  \\$aResource is Open Access$uhttp://purl.org/eprint/accessRights/OpenAccess
=506  \\$aCHORUS License Information
=520  \\$aClimate change led to increased temperature and variable rainfall, which may pose great threats to both agricultural productions and environmental impacts. In this study, we aim to explore how changing climate and its extremes in the 20th and 21st-century influence system water use efficiency (sWUE) of a corn-soybean cropping rotation in a humid sub-tropic environment, and how much can cover crops mitigate these impacts. Different from the traditional yield-focused water use efficiency (WUE), sWUE addresses both production and environmental quality goals by considering grain yields and all major system water losses (evapotranspiration, runoff, and drainage). A calibrated crop simulation model, Root Zone Water Quality Model version 2 (RZWQM2), was applied to simulate grain yields and all major system water losses. The model was forced by daily climate data from in situ observations during 1956-2015 and 10 downscaled and bias corrected General Circulation Model (GCMs) projections under the representative concentration pathways (RCP) 4.5 and 8.5 scenarios during 2020-2079. The results showed that, under the historical baseline and the future RCP4.5 and RCP8.5 scenarios, due to the growth of cover crops, the sWUE for corn were improved by 1.7%, 2.6% and 2.3%, respectively (p-value < 0.001), and for soybean by 0.7% (p = 0.06), 1.0% (p-value < 0.001) and 0.9% (p-value < 0.001). Soil evaporation, as the largest source of water loss from the cropping system, was significantly decreased by 1.7%, 2.6% and 2.3% during the corn growing season, and by 0.7%, 1.0% and 0.9% during the soybean growing season. The annual drainage was decreased by 38 mm, 53 mm and 67 mm, under the baseline, RCP4.5 and RCP8.5, respectively. With the incorporation of wheat cover crops, the correlations of temperature or precipitation extremes with grain yields and major water losses were mostly decreased, suggesting that growing cover crop is an effective means to mitigate the impact of climate extremes on sWUE of a corn-soybean cropping.
=592  \\$aPublisher supplied data
=593  \\$aPubAg article
=596  \\$cChina Scholarship Council
=596  \\$cNational Institute of Food and Agriculture
=506  0\$fUnrestricted online access$2star
=650  \3$aGeneral Circulation Models
=650  \3$aRoot Zone Water Quality Model
=650  \3$aclimate
=650  \3$aclimate change
=650  \3$acorn
=650  \3$acover crops
=650  \3$adrainage
=650  \3$aenvironmental quality
=650  \3$aevaporation
=650  \3$aevapotranspiration
=650  \3$ameteorological data
=650  \3$arain
=650  \3$arunoff
=650  \3$asimulation models
=650  \3$asoil
=650  \3$asoybeans
=650  \3$atemperature
=650  \3$awater management
=650  \3$awater use efficiency
=650  \3$awheat
=653  \0$aCover crop
=653  \0$aSystem water use efficiency
=653  \0$aClimate extremes
=653  \0$aCrop simulation model
=700  1\$aTian, Di$eauthor$uDepartment of Crop, Soil and Environment Sciences, Auburn University, AL 36849, United States
=700  1\$aFeng, Gary$eauthor$uUSDA-ARS, Genetics and Sustainable Agriculture Research Unit, MS 39762, United States
=700  1\$aYang, Wei$eauthor$uCollege of Resources and Environmental Sciences, China Agricultural University, Beijing 100193, China
=700  1\$aFeng, Liping$eauthor$uCollege of Resources and Environmental Sciences, China Agricultural University, Beijing 100193, China
=773  0\$tAgricultural water management.$g2021 Sept. 01, v. 255 p.107042-$dElsevier B.V.$aElsevier B.V.$wJournal:jnl8460$x0378-3774$7nnas
=787  1\$oislandora_article_repository
=787  1\$oproduct_pubag
=787  1\$o(Journal)jnl8460
=856  40$uhttps://dx.doi.org/10.1016/j.agwat.2021.107042$3Available from publisher's site
=912  \\$aArticle
=914  \\$aJournal:jnl8460$b0378-3774$c255$e107042
=914  \\$fAgricultural water management
=916  \\$aBatch:10192
=917  \\$aissued
=918  2\$aElsevier Consyn$eprovider$5DNAL
=935  \\$aIND607422804$9ExL
=949  \\$a2022-02-22
=952  \\$dNAL-AP-2-clean
=953  \\$a/data/metadata/incoming/consyn/997739115798906666-00002-HEAD-ONLY-REVISEDSUBJECTLIST.zip
=954  \\$afile:/data/metadata/staging/consyn/S0378377421003073.xml
=955  \\$a/data/metadata/staging/consyn/
=961  \\$aUSDA/ARS
=962  \\$aMissing ISSN
=974  \\$aagid:7422804
=983  \\$a2021-08-12
=984  \\$a2022-09-02

