=LDR  03516nab a2200661 u 4500
=001  9916118543007426
=005  20221120031818.0
=008  071223e200801\\xx\|||||o|||||||||||eng||
=016  7\$aIND43992213$2DNAL
=024  7\$a10.1007/s10584-007-9294-8$2doi
=024  7\$a10113/32001$2hdl
=035  \\$aagid:32001-01nal_inst
=040  \\$aAGL$beng$cAGL
=072  \0$aB200
=072  \0$aP200
=100  1\$aTague, Christina
=245  10$aDeep groundwater mediates streamflow response to climate warming in the Oregon Cascades
=300  \\$ap. 189-210.
=500  \\$aIncludes references
=520  \\$aRecent studies predict that projected climate change will lead to significant reductions in summer streamflow in the mountainous regions of the Western US. Hydrologic modeling directed at quantifying these potential changes has focused on the magnitude and timing of spring snowmelt as the key control on the spatial-temporal pattern of summer streamflow. We illustrate how spatial differences in groundwater dynamics can also play a significant role in determining streamflow responses to warming. We examine two contrasting watersheds, one located in the Western Cascades and the other in the High Cascades mountains of Oregon. We use both empirical analysis of streamflow data and physically based, spatially distributed modeling to disentangle the relative importance of multiple and interacting controls. In particular, we explore the extent to which differences in snow accumulation and melt and drainage characteristics (deep ground water vs. shallow subsurface) mediate the effect of climate change. Results show that within the Cascade Range, local variations in bedrock geology and concomitant differences in volume and seasonal fluxes of subsurface water will likely result in significant spatial variability in responses to climate forcing. Specifically, watersheds dominated by High Cascade geology will show greater absolute reductions in summer streamflow with predicted temperature increases.
=593  \\$aPubAg article
=593  \\$cUSDA submission
=650  \3$aglobal warming
=650  \3$agroundwater
=650  \3$awater table
=650  \3$astream flow
=650  \3$awatersheds
=650  \3$asnowmelt
=650  \3$ahydrologic models
=650  \3$atemporal variation
=651  \3$aOregon
=700  1\$aGrant, Gordon
=700  1\$aFarrell, Mike
=700  1\$aChoate, Janet
=700  1\$aJefferson, Anne
=773  0\$tClimatic change.$g2008 Jan., v.  86, no.  1-2 p.189-210$dSpringer Netherlands$x0165-0009$7nnas
=787  1\$oproduct_pubag
=787  1\$oislandora_article_repository
=787  1\$oislandora_pubag_with_text
=787  1\$o(Journal)jnl8952
=852  \\$aDNAL
=856  40$uhttps://handle.nal.usda.gov/10113/32001$3Available in the National Agricultural Library PubAg search system
=856  40$uhttp://dx.doi.org/10.1007/s10584-007-9294-8$3Available from publisher's Web site
=912  \\$aArticle
=914  \\$aJournal:jnl8952$b0165-0009$c86$d1-2$e189
=914  \\$fClimatic change
=917  \\$aissued
=930  \\$a20090804$b20091002$c00000000
=935  \\$aIND43992213$9ExL
=945  \\$aIND$dGAY$e2009/08/04
=946  \\$aOther US
=949  \\$a2016-09-13
=952  \\$a20090804 20091002 00000000$bIND GAY 2009/08/04
=961  \\$aUSDA/FS
=974  \\$aagid:32001
=984  \\$a2009-10-03
=985  \\$aConverted from MARCXML to MODS version 3.4 using MARC21slim2MODS3-4.xsl (Revision 1.95 2014/04/23)
=986  \\$a3992213

