=LDR  03061nab a2200577 u 4500
=001  9916122958407426
=005  20221215143318.0
=008  220901e202112\\xx\|||||o|||||||||||eng||
=016  7\$aIND607575281$2DNAL
=024  7\$a10.1016/j.jedc.2021.104262$2doi
=024  7\$a10.1016/j.jedc.2021.104262$2chorus
=035  \\$aagid:7575281-01nal_inst
=040  \\$aAGL$beng$cAGL
=100  1\$aLee, Sangjun$eauthor$uClimate Change Research Team, Korea Energy Economics Institute, 405-11 Jongga-ro, Jung-gu, Ulsan 44543, Republic of Korea
=245  10$aAdaptation to climate change: Extreme events versus gradual changes
=506  \\$aResource is Open Access$uhttp://purl.org/eprint/accessRights/OpenAccess
=506  \\$aCHORUS License Information
=520  \\$aGlobal climate change will lead to increased frequency and severity of extreme weather events, on top of the gradual changes in temperature and precipitation. We develop a real options model of adaptation to climate change, capturing the different effects of gradual changes, represented by a Brownian motion process, and extreme events, represented by Poisson jumps with a hyper-exponential jump size distribution. We compare adaptation decisions under the increased frequency, severity, and tail thickness of extreme events as well as gradual changes. We find that while the adaptation incentives are higher in response to gradual changes, the probability of carrying out adaptation activities is higher in response to extreme events. The catalyst effects of extreme events become more significant when the tail distribution of the extreme events becomes heavier.
=592  \\$aPublisher supplied data
=593  \\$aPubAg article
=596  \\$cNSF
=596  \\$cUSDA
=506  0\$fUnrestricted online access$2star
=650  \3$acatalysts
=650  \3$aclimate change
=650  \3$adynamics
=650  \3$amodels
=650  \3$aprobability
=650  \3$atemperature
=650  \3$aweather
=700  1\$aZhao, Jinhua$eauthor$uDyson School of Applied Economics and Management, Cornell University, 114 Warren Hall, Ithaca, NY 14853, United States
=773  0\$tJournal of Economic Dynamics and Control.$g2021 Dec., v. 133$dElsevier BV$wJournal:12463$x0165-1889$7nnas
=787  1\$oislandora_article_repository
=787  1\$oproduct_pubag
=787  1\$o(Journal)12463
=856  40$uhttp://dx.doi.org/10.1016/j.jedc.2021.104262$3Available from publisher's site
=856  40$uhttp://handle.nal.usda.gov/10113/7575281
=912  \\$aArticle
=914  \\$aJournal:12463$c133
=914  \\$fJournal of Economic Dynamics and Control
=917  \\$aissued
=918  2\$aCHORUS$eprovider$5DNAL
=935  \\$aIND607575281$9ExL
=949  \\$a2022-05-05
=955  \\$a/data/metadata/staging/chorus
=961  \\$aUSDA
=962  \\$aUSDA Scientist Submission; eISSN  1873-1743
=974  \\$aagid:7575281
=983  \\$a2022-09-01T12:44:22-04:00
=984  \\$a2022-09-28
=985  \\$aXML source generated via Python using CHORUS API JSON data; converted to MODS with chorus_to_mods.xsl

