=LDR  05385nab a2200769 u 4500
=001  9916122990307426
=005  20221120034502.0
=008  180102e201404\\xx\|||||o|||||||||||eng||
=016  7\$aIND605876395$2DNAL
=024  7\$a10.1890/13-0905.1$2doi
=035  \\$aagid:5876395-01nal_inst
=040  \\$aAGL$beng$cAGL
=100  1\$aHansen, Andrew J.$eauthor$uEcology Department, Montana State University, Bozeman, Montana 59717 USA. hansen@montana.edu
=245  10$aExposure of U.S. National Parks to land use and climate change 1900-2100
=300  \\$ap. 484-502.
=500  \\$aJOURNAL ARTICLE
=520  \\$aMany protected areas may not be adequately safeguarding biodiversity from human activities on surrounding lands and global change. The magnitude of such change agents and the sensitivity of ecosystems to these agents vary among protected areas. Thus, there is a need to assess vulnerability across networks of protected areas to determine those most at risk and to lay the basis for developing effective adaptation strategies. We conducted an assessment of exposure of U.S. National Parks to climate and land use change and consequences for vegetation communities. We first defined park protected‐area centered ecosystems (PACEs) based on ecological principles. We then drew on existing land use, invasive species, climate, and biome data sets and models to quantify exposure of PACEs from 1900 through 2100. Most PACEs experienced substantial change over the 20th century (>740% average increase in housing density since 1940, 13% of vascular plants are presently nonnative, temperature increase of 1°C/100 yr since 1895 in 80% of PACEs), and projections suggest that many of these trends will continue at similar or increasingly greater rates (255% increase in housing density by 2100, temperature increase of 2.5°-4.5°C/100 yr, 30% of PACE areas may lose their current biomes by 2030). In the coming century, housing densities are projected to increase in PACEs at about 82% of the rate of since 1940. The rate of climate warming in the coming century is projected to be 2.5-5.8 times higher than that measured in the past century. Underlying these averages, exposure of individual park PACEs to change agents differ in important ways. For example, parks such as Great Smoky Mountains exhibit high land use and low climate exposure, others such as Great Sand Dunes exhibit low land use and high climate exposure, and a few such as Point Reyes exhibit high exposure on both axes. The cumulative and synergistic effects of such changes in land use, invasives, and climate are expected to dramatically impact ecosystem function and biodiversity in national parks. These results are foundational to developing effective adaptation strategies and suggest policies to better safeguard parks under broad‐scale environmental change.
=592  \\$aPublisher supplied data
=593  \\$aPubAg article
=650  \3$abiodiversity
=650  \3$aclimate
=650  \3$aconservation areas
=650  \3$adata collection
=650  \3$adunes
=650  \3$aecological function
=650  \3$aecosystems
=650  \3$aglobal warming
=650  \3$ahumans
=650  \3$ainvasive species
=650  \3$aissues and policy
=650  \3$aland use change
=650  \3$amodels
=650  \3$anational parks
=650  \3$aplant communities
=650  \3$arisk
=650  \3$asynergism
=650  \3$atemperature
=650  \3$avascular plants
=651  \3$aGreat Smoky Mountain region
=651  \3$aUnited States
=700  1\$aPiekielek, Nathan$eauthor$uEcology Department, Montana State University, Bozeman, Montana 59717 USA
=700  1\$aDavis, Cory$eauthor$uCollege of Forestry and Conservation, University of Montana, Missoula, Montana 59812 USA
=700  1\$aHaas, Jessica$eauthor$uUSDA Forest Service, Rocky Mountain Research Station, Missoula, Montana 59807 USA
=700  1\$aTheobald, David M.$eauthor$uNational Park Service, Inventory and Monitoring Division, Fort Collins, Colorado 80525 USA
=700  1\$aGross, John E.$eauthor$uNational Park Service, Inventory and Monitoring Division, Fort Collins, Colorado 80525 USA
=700  1\$aMonahan, William B.$eauthor$uNational Park Service, Inventory and Monitoring Division, Fort Collins, Colorado 80525 USA
=700  1\$aOlliff, Tom$eauthor$uUSGS Northern Rocky Mountain Science Center, 2327 University Way, Suite 2, Bozeman, Montana 59715 USA
=700  1\$aRunning, Steven W.$eauthor$uCollege of Forestry and Conservation, University of Montana, Missoula, Montana 59812 USA
=773  0\$tEcological applications.$g2014 Apr., v. 24, no. 3 p.484-502$dEcological Society of America$wJournal:jnl47193$x1051-0761$7nnas
=787  1\$oislandora_article_repository
=787  1\$oproduct_pubag
=787  1\$o(Journal)jnl47193
=856  40$uhttp://dx.doi.org/10.1890/13-0905.1$3Available from publisher's site
=912  \\$aArticle
=914  \\$aJournal:jnl47193$b1051-0761$c24$d3$e484
=914  \\$fEcological applications
=916  \\$aBatch:1910
=917  \\$aissued
=918  2\$aJohn Wiley & Sons, Inc$eprovider$5DNAL
=935  \\$aIND605876395$9ExL
=949  \\$a2018-02-28
=953  \\$a10510761_2014_24_3.xml
=961  \\$aUSDA/FS
=962  \\$aBatch:1910 reviewed on 2018-02-28T15:00:02Z
=974  \\$aagid:5876395
=983  \\$a2018-01-02
=984  \\$a2018-02-28

