=LDR  04213nab a2200625 u 4500
=001  9916128465807426
=005  20221121012410.0
=008  191231e201908\\xx\|||||o|||||||||||eng||
=016  7\$aIND606629768$2DNAL
=024  7\$a10.1016/j.cosust.2019.08.005$2doi
=035  \\$aagid:6629768-01nal_inst
=040  \\$aAGL$beng$cAGL
=100  1\$aAraujo, Moacyr$eauthor$uUFPE - Universidade Federal de Pernambuco, Av. Arquitetura, s/n, Recife, 50740-550, PE, Brazil$1https://orcid.org/0000-0001-8462-6446
=245  14$aThe socio-ecological Nexus+ approach used by the Brazilian Research Network on Global Climate Change
=300  \\$ap. 62-70.
=520  \\$aThe Brazilian Research Network on Global Climate Change (Rede CLIMA) is an interdisciplinary network composed of 16 research groups, which interact in different levels and programs. This work aims at building climate change cause-effect research from a 'Nexus+' perspective, considering the added value of flexibility and adaptability of the concept. The article draws on the Nexus literature alongside a case study in São Francisco River Basin, Northeast Brazil. An additional pillar to the Nexus approach is proposed here, the socio-ecological security, which can be defined as a political-territorial dimension of coupled social and ecological systems. A collaborative research-practice frame was applied to the study region, a hotspot of climate vulnerability in Brazil. Our results highlight the need for this fourth component to address socio-ecological sustainability into context.
=592  \\$aPublisher supplied data
=593  \\$aPubAg article
=650  \3$acase studies
=650  \3$aclimate
=650  \3$aclimate change
=650  \3$aecosystems
=650  \3$asustainable development
=650  \3$awatersheds
=651  \3$aBrazil
=700  1\$aOmetto, Jean$eauthor$uINPE - Instituto Nacional de Pesquisas Espaciais, Av. dos Astronautas, 1758, São José dos Campos, 12227-010, SP, Brazil
=700  1\$aRodrigues-Filho, Saulo$eauthor$uUnB - Universidade de Brasília, Campus Universitário Darcy Ribeiro, Brasília, 70910-900, DF, Brazil
=700  1\$aBursztyn, Marcel$eauthor$uUnB - Universidade de Brasília, Campus Universitário Darcy Ribeiro, Brasília, 70910-900, DF, Brazil$1https://orcid.org/0000-0002-2680-9145
=700  1\$aLindoso, Diego P$eauthor$uUnB - Universidade de Brasília, Campus Universitário Darcy Ribeiro, Brasília, 70910-900, DF, Brazil
=700  1\$aLitre, Gabriela$eauthor$uUnB - Universidade de Brasília, Campus Universitário Darcy Ribeiro, Brasília, 70910-900, DF, Brazil
=700  1\$aGaivizzo, Larisa$eauthor$uUnB - Universidade de Brasília, Campus Universitário Darcy Ribeiro, Brasília, 70910-900, DF, Brazil
=700  1\$aFerreira, Julia L$eauthor$uUnB - Universidade de Brasília, Campus Universitário Darcy Ribeiro, Brasília, 70910-900, DF, Brazil$1https://orcid.org/0000-0003-3891-6148
=700  1\$aReis, Rafael M$eauthor$uUnB - Universidade de Brasília, Campus Universitário Darcy Ribeiro, Brasília, 70910-900, DF, Brazil
=700  1\$aAssad, Eduardo$eauthor$uEMBRAPA Empresa Brasileira de Pesquisa Agropecuária, Campus da Unicamp, Campinas, SP, Brazil
=773  0\$tCurrent opinion in environmental sustainability.$g2019 Aug., v. 39 p.62-70$dElsevier B.V.$wJournal:2237$x1877-3435$7nnas
=787  1\$oislandora_article_repository
=787  1\$oproduct_pubag
=787  1\$o(Journal)2237
=856  40$uhttps://dx.doi.org/10.1016/j.cosust.2019.08.005$3Available from publisher's site
=912  \\$aArticle
=914  \\$aJournal:2237$b1877-3435
=914  \\$fCurrent opinion in environmental sustainability
=916  \\$aBatch:2411
=917  \\$aissued
=918  2\$aElsevier Consyn$eprovider$5DNAL
=935  \\$aIND606629768$9ExL
=949  \\$a2020-03-02
=953  \\$a/data/metadata/incoming/consyn/561633683058420811-00003-HEAD-ONLY-NEWCONSYNISSNS.zip
=954  \\$afile:/data/metadata/staging/consyn/S1877343518301337.xml
=955  \\$a/data/metadata/staging/consyn/
=961  \\$aUSDA/DA
=962  \\$aBatch:2411 reviewed on 2020-03-02T04:00:04Z
=974  \\$aagid:6629768
=983  \\$a2019-12-31
=984  \\$a2020-03-02

