=LDR  03823nab a2200721 u 4500
=001  9916130913107426
=005  20221120034748.0
=008  050628e200401\\xx\|||||o|||||||||||eng||
=016  7\$aIND43718391$2DNAL
=024  7\$a10113/6819$2hdl
=035  \\$aagid:6819-01nal_inst
=040  \\$aAGL$beng$cAGL
=072  \0$aJ800
=072  \0$aB200
=072  \0$aX100
=100  1\$aNearing, M.A.
=245  10$aExpected climate change impacts on soil erosion rates: a review
=300  \\$ap. 43-50.
=500  \\$aIncludes references
=500  \\$a2019-12-06
=520  \\$aGlobal warming is expected to lead to a more vigorous hydrological cycle, including more total rainfall and more frequent high intensity rainfall events. Rainfall amounts and intensities increased on average in the United States during the 20th century, and according to climate change models they are expected to continue to increase during the 21st century. These rainfall changes, along with expected changes in temperature, solar radiation, and atmospheric CO (sub 2) concentrations, will have significant impacts on soil erosion rates. The processes involved in the impact of climate change on soil erosion by water are complex, involving changes in rainfall amounts and intensities, number of days of precipitation, ratio of rain to snow, plant biomass production, plant residue decomposition rates, soil microbial activity, evapotranspiration rates, and shifts in land use necessary to accommodate a new climatic regime. This paper reviews several recent studies conducted by the authors that address the potential effects of climate change on soil erosion rates. The results show cause for concern. Rainfall erosivity levels may be on the rise across much of the United States. Where rainfall amounts increase, erosion and runoff will increase at an even greater rate: the ratio of erosion increase to annual rainfall increase is on the order of 1.7. Even in cases where annual rainfall would decrease, system feedbacks related to decreased biomass production could lead to greater susceptibility of the soil to erode. Results also show how farmers' response to climate change can potentially exacerbate, or ameliorate, the changes in erosion rates expected.
=593  \\$aPubAg article
=593  \\$cUSDA submission
=650  \3$asediments
=650  \3$asoil conservation
=650  \3$acanopy
=650  \3$aequations
=650  \3$aWater Erosion Prediction Project
=650  \3$avegetation cover
=650  \3$aclimate change
=650  \3$arain intensity
=650  \3$asoil erosion
=650  \3$atemperature
=650  \3$arunoff
=650  \3$aland use
=651  \3$aUnited States
=653  \0$aprecipitation
=653  \0$avegetation
=653  \0$ahydrologic models
=700  1\$aPruski, F.F.
=700  1\$aO'Neal, M.R.
=773  0\$tJournal of soil and water conservation.$g2004 , v.  59, no.  1 p.43-50$wJournal:1947$x0022-4561$7nnas
=787  1\$oproduct_pubag
=787  1\$oislandora_article_repository
=787  1\$oislandora_pubag_with_text
=787  1\$o(Journal)1947
=852  \\$aDNAL
=856  40$uhttps://handle.nal.usda.gov/10113/6819$3Available in the National Agricultural Library PubAg search system
=912  \\$aArticle
=914  \\$aJournal:1947$b0022-4561$c59$d1$e43
=914  \\$fJournal of soil and water conservation
=917  \\$aissued
=930  \\$a20071121$b20071210$c00000000
=935  \\$aIND43718391$9ExL
=945  \\$aIND$dLYN$e2007/11/19
=946  \\$aOther US
=949  \\$a2014-07-17
=952  \\$a20071121 20071210 00000000$bIND LYN 2007/11/19
=961  \\$aUSDA/ARS
=974  \\$aagid:6819
=984  \\$a2007-12-10
=985  \\$aConverted from MARCXML to MODS version 3.4 using MARC21slim2MODS3-4.xsl (Revision 1.95 2014/04/23)
=986  \\$a3718391

