=LDR  04201nab a2200601 u 4500
=001  9916131638307426
=005  20221122151102.0
=008  180619e201708\\xx\|||||o|||||||||||eng||
=016  7\$aIND605794213$2DNAL
=024  7\$a10.1007/s12665-017-6751-1$2doi
=035  \\$aagid:5794213-01nal_inst
=040  \\$aAGL$beng$cAGL
=100  1\$aGalloza, MagdaS.$eauthor$uUSDA-ARS Jornada Experimental Range, MSC 3 JER, NMSU, Box 30003, Las Cruces, NM, 88003, USA. mgalloza@gmail.com$1http://orcid.org/0000-0002-4713-1951
=245  10$aPredicting land at risk from wind erosion using an index-based framework under a climate change scenario in Durango, Mexico
=300  \\$ap. 560.
=520  \\$aLand degradation takes place primarily in drylands which make up for almost 50% of the cultivated lands, globally. The 90% of Mexican territory is currently experiencing land deterioration mainly due to anthropogenic land use changes and still expecting further deterioration. While efforts have been directed toward the impact of land use changes on wind erosion in dryland ecosystems, there is still high uncertainty on the nature of wind erosion sources. This challenge was addressed by developing and evaluating a method for completing spatial assessments of vulnerable zones currently experiencing accelerated soil erosion and to predict those areas where soil erosion is likely to occur in the near future. This approach is tested over a study area in the Comarca Lagunera, Durango, Mexico. Spatiotemporal patterns and variability in soil erosion and aridity were evaluated, as well as the identification of key characteristics driving soil degradation in the area. Results demonstrate that the suggested methodology can be effectively used to spatially delineate potential locations susceptible to soil degradation (e.g., moderate-risk zones and/or high-risk zones), not only in the present time but also to predict those locations in the near future. This provides the opportunity of spatially defined areas of interest based on specific relationships between edaphological properties and its vulnerability to climate variability. This type of approach could be valuable to identify critical locations that should be treated as a priority for monitoring and managing accelerated soil degradation.
=592  \\$aPublisher supplied data
=593  \\$aPubAg article
=650  \3$aarid lands
=650  \3$aclimate
=650  \3$aclimate change
=650  \3$adry environmental conditions
=650  \3$aecosystems
=650  \3$aland degradation
=650  \3$aland use change
=650  \3$amonitoring
=650  \3$aprediction
=650  \3$arisk
=650  \3$auncertainty
=650  \3$awind erosion
=651  \3$aMexico
=700  1\$aLópez-Santos, Armando$eauthor$uGraduate Programa in Recursos Bióticos y Medio Ambiente de Zonas Áridas, Unidad Regional Universitaria de Zonas Áridas, Universidad Autónoma Chapingo, Km. 40 Rd. Gómez Palacio-Chihuahua, ZC 35230, Bermejillo, Dgo, México
=700  1\$aMartínez-Santiago, Santos$eauthor$uGraduate Programa in Recursos Bióticos y Medio Ambiente de Zonas Áridas, Unidad Regional Universitaria de Zonas Áridas, Universidad Autónoma Chapingo, Km. 40 Rd. Gómez Palacio-Chihuahua, ZC 35230, Bermejillo, Dgo, México
=773  0\$tEnvironmental earth sciences.$g2017 Aug., v. 76, no. 16 p.560-560$dSpringer Berlin Heidelberg$wJournal:J000001228$x1866-6280$7nnas
=787  1\$oislandora_article_repository
=787  1\$oproduct_pubag
=787  1\$o(Journal)J000001228
=856  40$uhttps://dx.doi.org/10.1007/s12665-017-6751-1$3Available from publisher's site
=912  \\$aArticle
=914  \\$aJournal:J000001228$b1866-6280$c76$d16$e560
=914  \\$fEnvironmental earth sciences
=916  \\$aBatch:1825
=917  \\$aissued
=918  2\$aSpringer$eprovider$5DNAL
=935  \\$aIND605794213$9ExL
=949  \\$a2018-06-19
=953  \\$a/data/metadata/incoming/springer/ftp_PUB_18-03-02_09-07-06.zip
=954  \\$afile:/data/metadata/staging/springer/12665-76-16.xml
=955  \\$a/data/metadata/staging/springer/
=961  \\$aUSDA/ARS
=974  \\$aagid:5794213
=983  \\$a2018-06-19
=984  \\$a2018-06-19

