=LDR  01632nab a2200517 u 4500
=001  9916132464407426
=005  20221121125908.0
=008  090318e200708\\xx\|||||o|||||||||||eng||
=016  7\$aIND44178617$2DNAL
=024  7\$a10.2136/vzj2007.0098$2doi
=035  \\$aagid:3061022-01nal_inst
=040  \\$aAGL$beng$cAGL
=072  \0$a     P200   
=072  \0$a     B200   
=100  1\$aGreen, Timothy R.
=245  10$aPotential Impacts of Climate Change and Human Activity on Subsurface Water Resources
=300  \\$ap. 531-532.
=500  \\$a2019-12-05
=593  \\$aPubAg article
=650  \3$aaquifers
=650  \3$aclimate change
=650  \3$aanthropogenic activities
=650  \3$agroundwater
=653  \0$awater resources
=700  1\$aTaniguchi, Makoto
=700  1\$aKooi, Henk
=773  0\$tVadose zone journal.$g2007 Aug., v. 6, no. 3 p.531-532$x1539-1663$7nnas
=787  1\$oislandora_article_repository
=787  1\$oproduct_pubag
=787  1\$o(Journal)jnl3674032
=852  \\$aDNAL
=856  40$uhttp://dx.doi.org/10.2136/vzj2007.0098$3Available from publisher's Web site
=912  \\$aArticle
=914  \\$aJournal:jnl3674032
=914  \\$fVadose zone journal
=917  \\$aissued
=930  \\$a20090320$b20090508$c00000000
=935  \\$aIND44178617$9ExL
=945  \\$aIND$dRHF$e2009/03/20
=946  \\$aOther US
=952  \\$a20090320 20090508 00000000$bIND RHF 2009/03/20
=961  \\$aUSDA/ARS
=974  \\$aagid:3061022
=984  \\$a2014-12-19
=985  \\$aConverted from MARCXML to MODS version 3.4 using MARC21slim2MODS3-4.xsl (Revision 1.95 2014/04/23)
=986  \\$a4178617

