=LDR  04835nab a2200673 u 4500
=001  9916136515207426
=005  20221122215536.0
=008  210731e202101\\xx\|||||o|||||||||||eng||
=016  7\$aIND607246429$2DNAL
=024  7\$a10.1007/s10584-021-02999-0$2doi
=035  \\$aagid:7246429-01nal_inst
=040  \\$aAGL$beng$cAGL
=100  1\$aAnapalli, Saseendran S.$eauthor$uSustainable Water Management Research Unit, USDA-ARS, P.O. Box 350, Stoneville, MS, 38776, USA. Saseendran.Anapalli@usda.gov$1https://orcid.org/0000-0002-1401-2964
=245  10$aVulnerabilities of irrigated and rainfed corn to climate change in a humid climate in the Lower Mississippi Delta
=300  \\$ap. 5.
=520  \\$aThe use of fossil fuels for energy needs increases atmospheric greenhouse gas (GHG) concentrations to levels that can significantly exacerbate the climate on earth. Assessing the vulnerability of regional crop production systems to such an altered climate in the future is essential for implementing appropriate adaptation and mitigation strategies for sustainable agriculture. We investigated the possible impacts of climate change (CC) projected by multiple global climate models (GCMs) on rainfed and irrigated corn (Zea mays L., a C4 plant) in the Lower Mississippi Delta region (LMD), USA. The CSM-CROPGRO-Maize v4.6 module in the RZWQM2 model (hereafter referred to as the "corn model") was previously calibrated and validated for modeling corn at Stoneville, Mississippi, a representative location in the LMD was used. The CC scenarios considered in this study were ensembles of climate projections of multiple GCMs (97 ensemble members) that participated in the Climate Model Inter-comparison and Improvement Program 5. These CC scenarios were bias-corrected and spatially downscaled (BCSD) at the location for the years 2050 and 2080. Four representative GHG concentration pathways (RCP) 2.6, 4.5, 6.0, and 8.5 drove these CC scenarios. Under both irrigated and rainfed conditions, corn yield responses to enhanced CO₂ were weak; thus, yield declined significantly in response to the enhanced air temperatures under all the RCP scenarios in both 2050 and 2080. The yield declines across RCPs ranged between 10 and 62% under irrigated conditions, and between 9 and 60% under rainfed conditions, mainly due to increased frequency of extreme temperatures and reduced crop durations. Water use efficiency declined between 22 and 150% under irrigated, and 8 and 54% under rainfed management. As an adaptation measure, planting corn up to 9 weeks earlier in the season, in general, failed to boost yields from increased crop duration and reduction in upper extreme air temperatures, as incidences of lower extreme temperatures also increased alarmingly. Development of cultivars that are more heat tolerant and produce higher yields under extreme temperatures would be required to combat corn yield decline in the region from climate change.
=592  \\$aPublisher supplied data
=593  \\$aPubAg article
=650  \3$aC4 plants
=650  \3$aZea mays
=650  \3$aair
=650  \3$acarbon dioxide
=650  \3$aclimate change
=650  \3$aclimate models
=650  \3$acorn
=650  \3$acultivars
=650  \3$aenergy
=650  \3$agreenhouse gases
=650  \3$aheat tolerance
=650  \3$ahumid zones
=650  \3$airrigation
=650  \3$ariver deltas
=650  \3$asustainable agriculture
=650  \3$awater use efficiency
=651  \3$aMississippi
=651  \3$aMississippi Delta region
=700  1\$aPinnamaneni, Srinivasa R.$eauthor$uSustainable Water Management Research Unit, USDA-ARS, P.O. Box 350, Stoneville, MS, 38776, USA
=700  1\$aFisher, Daniel K.$eauthor$uSustainable Water Management Research Unit, USDA-ARS, P.O. Box 350, Stoneville, MS, 38776, USA
=700  1\$aReddy, Krishna N.$eauthor$uCrop Production Systems Research Unit, USDA-ARS, P.O. Box 350, Stoneville, MS, 38776, USA
=773  0\$tClimatic change.$g2021 Jan., v. 164, no. 1-2 p.5-5$dSpringer Netherlands$wJournal:jnl8952$x0165-0009$7nnas
=787  1\$oislandora_article_repository
=787  1\$oproduct_pubag
=787  1\$o(Journal)jnl8952
=856  40$uhttps://dx.doi.org/10.1007/s10584-021-02999-0$3Available from publisher's site
=912  \\$aArticle
=914  \\$aJournal:jnl8952$b0165-0009$c164$d1-2$e5
=914  \\$fClimatic change
=916  \\$aBatch:2652
=917  \\$aissued
=918  2\$aSpringer$eprovider$5DNAL
=935  \\$aIND607246429$9ExL
=949  \\$a2021-04-23
=953  \\$a/data/metadata/incoming/springer/ftp_PUB_21-07-31_06-17-21.zip
=954  \\$afile:/data/metadata/staging/springer/10584-164-1-2.xml
=955  \\$a/data/metadata/staging/springer/
=961  \\$aUSDA/ARS
=974  \\$aagid:7246429
=983  \\$a2021-07-31
=984  \\$a2021-07-31

