=LDR  04243nab a2200889 u 4500
=001  9916138727907426
=005  20221121060008.0
=008  090305e200902\\xx\|||||o|||||||||||eng||
=016  7\$aIND44171952$2DNAL
=024  7\$a10.1139/X08-171$2doi
=024  7\$a10113/26723$2hdl
=035  \\$aagid:26723-01nal_inst
=040  \\$aAGL$beng$cAGL
=072  \0$aB200
=072  \0$aK001
=072  \0$aF900
=072  \0$aF821
=072  \0$aF831
=072  \0$aP010
=100  1\$aDukes, Jeffrey S.
=245  10$aResponses of insect pests, pathogens, and invasive plant species to climate change in the forests of northeastern North America: What can we predict
=300  \\$ap. 231-248.
=500  \\$aIncludes references
=500  \\$aSummary in French.
=520  \\$aClimate models project that by 2100, the northeastern US and eastern Canada will warm by approximately 3-5 °C, with increased winter precipitation. These changes will affect trees directly and also indirectly through effects on "nuisance" species, such as insect pests, pathogens, and invasive plants. We review how basic ecological principles can be used to predict nuisance species' responses to climate change and how this is likely to impact northeastern forests. We then examine in detail the potential responses of two pest species (hemlock woolly adelgid (Adelges tsugae Annand) and forest tent caterpillar (Malacosoma disstria Hubner)), two pathogens (armillaria root rot (Armillaria spp.) and beech bark disease (Cryptococcus fagisuga Lind. + Neonectria spp.)), and two invasive plant species (glossy buckthorn (Frangula alnus Mill.) and oriental bittersweet (Celastrus orbiculatus Thunb.)). Several of these species are likely to have stronger or more widespread effects on forest composition and structure under the projected climate. However, uncertainty pervades our predictions because we lack adequate data on the species and because some species depend on complex, incompletely understood, unstable relationships. While targeted research will increase our confidence in making predictions, some uncertainty will always persist. Therefore, we encourage policies that allow for this uncertainty by considering a wide range of possible scenarios.
=593  \\$aPubAg article
=593  \\$cUSDA submission
=650  \3$aclimate change
=650  \3$aforest ecosystems
=650  \3$ainvasive species
=650  \3$ainsect pests
=650  \3$aplant pathogenic fungi
=650  \3$anoxious weeds
=650  \3$aAdelges tsugae
=650  \3$aMalacosoma disstria
=650  \3$aArmillaria
=650  \3$aCryptococcus fagisuga
=650  \3$aFrangula alnus
=650  \3$aCelastrus
=650  \3$aforest pests
=650  \3$aclimatic factors
=650  \3$aprediction
=651  \3$aNortheastern United States
=651  \3$aCanada
=653  \0$aCelastrus orbiculatus
=700  1\$aPontius, Jennifer
=700  1\$aOrwig, David
=700  1\$aGarnas, Jeffrey R.
=700  1\$aRodgers, Vikki L.
=700  1\$aBrazee, Nicholas
=700  1\$aCooke, Barry
=700  1\$aTheoharides, Kathleen A.
=700  1\$aStange, Erik E.
=700  1\$aHarrington, Robin
=773  0\$tCanadian journal of forest research =.$g2009 Feb., v.  39, no.  2 p.231-248$x0045-5067$7nnas
=787  1\$oproduct_pubag
=787  1\$oislandora_article_repository
=787  1\$oislandora_pubag_with_text
=787  1\$o(Journal)jnl2003
=852  \\$aDNAL
=856  40$uhttp://dx.doi.org/10.1139/X08-171$3Available from publisher's Web site
=856  40$uhttps://handle.nal.usda.gov/10113/26723$3Available in the National Agricultural Library PubAg search system
=912  \\$aArticle
=914  \\$aJournal:jnl2003$b0045-5067$c39$d2$e231
=914  \\$fCanadian journal of forest research =
=917  \\$aissued
=930  \\$a20090316$b20090508$c00000000
=935  \\$aIND44171952$9ExL
=945  \\$aIND$dLYN$e2009/03/12
=946  \\$aNon-US
=949  \\$a2014-07-17
=952  \\$a20090316 20090508 00000000$bIND LYN 2009/03/12
=961  \\$aUSDA/FS
=974  \\$aagid:26723
=984  \\$a2009-05-22
=985  \\$aConverted from MARCXML to MODS version 3.4 using MARC21slim2MODS3-4.xsl (Revision 1.95 2014/04/23)
=986  \\$a4171952

