=LDR  04264nab a2200733 u 4500
=001  9916139092707426
=005  20221214224429.0
=008  171003e201710\\xx\|||||o|||||||||||eng||
=016  7\$aIND605808523$2DNAL
=024  7\$a336636$2aris
=024  7\$a10113/5808523$2hdl
=024  7\$a10.1002/fee.1530$2doi
=024  8\$ans13546
=035  \\$aagid:5808523-01nal_inst
=040  \\$aAGL$beng$cAGL
=100  1\$aWebb, Nicholas P$eauthor$uUSDA‐ARS Jornada Experimental Range, Las Cruces, NM
=245  10$aLand degradation and climate change: building climate resilience in agriculture
=300  \\$ap. 450-459.
=500  \\$aJOURNAL ARTICLE
=506  \\$aWorks produced by employees of the U.S. Government as part of their official duties are not copyrighted within the U.S. The content of this document is not copyrighted.
=520  \\$aLand degradation and climate change pose enormous risks to global food security. Land degradation increases the vulnerability of agroecological systems to climate change and reduces the effectiveness of adaptation options. Yet these interactions have largely been omitted from climate impact assessments and adaptation planning. We examine how land degradation can influence climate‐change impacts and the adaptive capacity of crop and livestock producers across agroecological systems. We then present novel strategies for climate‐resilient agriculture that support opportunities to integrate responses to these challenges. Forward‐looking, climate‐resilient agriculture requires: (1) incorporation of land degradation processes, and their linkages with adaptive capacity, into adaptation planning; (2) identification of key vulnerabilities to prioritize adaptation responses; (3) improved knowledge exchange across local to global scales to support strategies for developing the adaptive capacity of producers; and (4) innovative management and policy options that provide multiple "wins" for land, climate, and biodiversity, thus enabling global development and food security goals to be achieved.
=592  \\$aPublisher supplied data
=593  \\$aPubAg article
=594  \\$aEmbargoed article
=593  \\$eARIS manuscript
=650  \3$aagroecology
=650  \3$abiodiversity
=650  \3$aclimate
=650  \3$aclimate change
=650  \3$afood security
=650  \3$ainformation exchange
=650  \3$aissues and policy
=650  \3$aland degradation
=650  \3$alivestock
=650  \3$aplanning
=650  \3$arisk
=700  1\$aMarshall, Nadine A$eauthor$uCSIRO Land and Water, Townsville, Australia
=700  1\$aStringer, Lindsay C$eauthor$uSustainability Research Institute, School of Earth and Environment, University of Leeds, Leeds, UK
=700  1\$aReed, Mark S$eauthor$uInstitute for Agri‐Food Research and Innovation and Centre for Rural Economy, School of Agriculture, Food and Rural Development, Newcastle University, Newcastle upon Tyne, UK
=700  1\$aChappell, Adrian$eauthor$uSchool of Earth and Ocean Sciences, Cardiff University, Cardiff, UK
=700  1\$aHerrick, Jeffrey E$eauthor$uUSDA‐ARS Jornada Experimental Range, Las Cruces, NM
=773  0\$tFrontiers in ecology and the environment.$g2017 Oct., v. 15, no. 8 p.450-459$dJohn Wiley & Sons, Ltd$x1540-9295$7nnas
=787  1\$oislandora_article_repository
=787  1\$oproduct_pubag
=787  1\$o(Journal)23083
=856  40$uhttps://handle.nal.usda.gov/10113/5808523$3Available in the National Agricultural Library PubAg search system
=856  40$uhttps://dx.doi.org/10.1002/fee.1530$3Available from publisher's site
=912  \\$aArticle
=914  \\$aJournal:23083$b1540-9295$c15$d8$e450
=914  \\$fFrontiers in ecology and the environment
=916  \\$aBatch:1887
=917  \\$aissued
=918  2\$aJohn Wiley & Sons, Inc$eprovider$5DNAL
=935  \\$aIND605808523$9ExL
=949  \\$a2018-02-28
=953  \\$a15409295_2017_15_8.xml
=956  \\$aARIS submission$bhttps://submit.nal.usda.gov/system/files/submissions/17-023.pdf
=961  \\$aUSDA/ARS
=962  \\$aBatch:1887 reviewed on 2018-02-09T14:00:03Z
=962  \\$aUSDA Scientist Submission
=974  \\$aagid:5808523
=983  \\$a2017-10-03
=984  \\$a2018-02-28
=986  \\$ans13546

