=LDR  05620nab a2200877 u 4500
=001  9916141979307426
=005  20221207134542.0
=008  190222e201903\\xx\|||||o|||||||||||eng||
=016  7\$aIND606313941$2DNAL
=024  7\$a10.1111/gcb.14534$2doi
=024  7\$a10.1111/gcb.14534$2chorus
=035  \\$aagid:6313941-01nal_inst
=040  \\$aAGL$beng$cAGL
=100  1\$aGalliart, Matthew$eauthor$uBiology, Kansas State University, Manhattan, Kansas
=245  10$aLocal adaptation, genetic divergence, and experimental selection in a foundation grass across the US Great Plains' climate gradient
=300  \\$ap. 850-868.
=500  \\$aJOURNAL ARTICLE
=506  \\$aResource is Open Access
=506  \\$aWiley License Information
=520  \\$aMany prior studies have uncovered evidence for local adaptation using reciprocal transplant experiments. However, these studies are rarely conducted for a long enough time to observe succession and competitive dynamics in a community context, limiting inferences for long‐lived species. Furthermore, the genetic basis of local adaptation and genetic associations with climate has rarely been identified. Here, we report on a long‐term (6‐year) experiment conducted under natural conditions focused on Andropogon gerardii, the dominant grass of the North American Great Plains tallgrass ecosystem. We focus on this foundation grass that comprises 80% of tallgrass prairie biomass and is widely used in 20,000 km² of restoration. Specifically, we asked the following questions: (a) Whether ecotypes are locally adapted to regional climate in realistic ecological communities. (b) Does adaptive genetic variation underpin divergent phenotypes across the climate gradient? (c) Is there evidence of local adaptation if the plants are exposed to competition among ecotypes in mixed ecotype plots? Finally, (d) are local adaptation and genetic divergence related to climate? Reciprocal gardens were planted with 3 regional ecotypes (originating from dry, mesic, wet climate sources) of Andropogon gerardii across a precipitation gradient (500-1,200 mm/year) in the US Great Plains. We demonstrate local adaptation and differentiation of ecotypes in wet and dry environments. Surprisingly, the apparent generalist mesic ecotype performed comparably under all rainfall conditions. Ecotype performance was underpinned by differences in neutral diversity and candidate genes corroborating strong differences among ecotypes. Ecotype differentiation was related to climate, primarily rainfall. Without long‐term studies, wrong conclusions would have been reached based on the first two years. Further, restoring prairies with climate‐matched ecotypes is critical to future ecology, conservation, and sustainability under climate change.
=592  \\$aPublisher supplied data
=593  \\$aPubAg article
=596  \\$cKansas Academy of Science$dhttps://doi.org/10.13039/100011583
=596  \\$cKansas State University$dhttps://doi.org/10.13039/100007765
=596  \\$cUSDA$dhttps://doi.org/10.13039/100000199
=596  \\$a2008-35100-04545$cUSDA
=596  \\$aGGVP004169.NS9630.3145.50010$cGraduate Research Fellowship Program
=596  \\$cKansas Academy of Science
=596  \\$cKansas State University
=506  0\$fUnrestricted online access$2star
=650  \3$aAndropogon gerardii
=650  \3$abiomass
=650  \3$aclimate
=650  \3$aclimate change
=650  \3$adry environmental conditions
=650  \3$aecosystems
=650  \3$aecotypes
=650  \3$agardens
=650  \3$agenes
=650  \3$agenetic variation
=650  \3$agrasses
=650  \3$aphenotype
=650  \3$arain
=650  \3$atallgrass prairies
=651  \3$aGreat Plains region
=651  \3$aUnited States
=700  1\$aBello, Nora$eauthor$uStatistics, Kansas State University, Manhattan, Kansas
=700  1\$aKnapp, Mary$eauthor$uState Climate Office, Kansas State University, Manhattan, Kansas
=700  1\$aPoland, Jesse$eauthor$uDept of Plant Pathology, Kansas State University, Manhattan, Kansas
=700  1\$aSt Amand, Paul$eauthor$uUSDA‐ARS, Manhattan, Kansas
=700  1\$aBaer, Sara$eauthor$uPlant Biology and Center for Ecology, Southern Illinois University, Carbondale, Illinois
=700  1\$aMaricle, Brian$eauthor$uBiological Sciences, Fort Hays State University, Hays, Kansas
=700  1\$aSmith, Adam B.$eauthor$uMissouri Botanical Garden, St Louis, Missouri$1https://orcid.org/0000-0002-6420-1659
=700  1\$aJohnson, Loretta$eauthor$uBiology, Kansas State University, Manhattan, Kansas$1https://orcid.org/0000-0002-8989-7779
=773  0\$tGlobal change biology.$g2019 Mar., v. 25, no. 3 p.850-868$dJohn Wiley & Sons, Ltd$wJournal:jnl57021$x1354-1013$7nnas
=787  1\$oislandora_article_repository
=787  1\$oproduct_pubag
=787  1\$o(Journal)jnl57021
=856  40$uhttp://dx.doi.org/10.1111/gcb.14534$3Available from publisher's site
=903  \\$aVersion of Record
=912  \\$aArticle
=914  \\$aJournal:jnl57021$b1354-1013$c25$d3$e850
=914  \\$fGlobal change biology
=916  \\$aBatch:2156
=917  \\$aissued
=918  2\$aJohn Wiley & Sons, Inc$eprovider$5DNAL
=935  \\$aIND606313941$9ExL
=949  \\$a2020-03-06
=953  \\$a/data/metadata/incoming/wiley/13541013_2019_25_3.xml
=954  \\$afile:/data/metadata/staging/wiley/13541013_2019_25_3.xml
=955  \\$a/data/metadata/staging/wiley/
=961  \\$aUSDA/ARS
=962  \\$aBatch:2156 reviewed on 2019-03-18T14:00:03Z
=974  \\$aagid:6313941
=983  \\$a2019-02-22
=984  \\$a2020-03-06

