=LDR  04492nab a2200925 u 4500
=001  9916142578407426
=005  20221122010302.0
=008  101012e201010\\xx\|||||o|||||||||||eng||
=016  7\$aIND44433468$2DNAL
=024  7\$a22546463$2pmid
=024  7\$a10.1603/EN09356$2doi
=024  7\$a10113/46682$2hdl
=035  \\$aagid:46682-01nal_inst
=040  \\$aAGL$beng$cAGL
=072  \0$aF821
=072  \0$aB200
=072  \0$aL600
=072  \0$aL001
=072  \0$aJ200
=100  1\$aFielding, Dennis J.
=245  10$aEmbryonic Developmental Rates of Northern Grasshoppers (Orthoptera: Acrididae): Implications for Climate Change and Habitat Management
=300  \\$ap. 1643-1651.
=500  \\$aIncludes references
=500  \\$a2019-12-06
=520  \\$aAccurate models of temperature-dependent embryonic developmental rates are important to assess the effects of a changing climate on insect life cycles and to suggest methods of population management by habitat manipulation. Embryonic development determines the life cycle of many species of grasshoppers, which, in cold climates, spend two winters in the egg stage. Increasing temperatures associated with climate change in the subarctic could potentiate a switch to a univoltine life cycle. However, egg hatch could be delayed by maintaining a closed vegetative canopy, which would lower soil temperatures by shading the soil surface. Prediapause and postdiapause embryonic developmental rates were measured in the laboratory over a wide range of temperatures for Melanoplus borealis Fieber and Melanoplus sanguinipes F. (Orthoptera: Acrididae) A model was fit to the data and used to predict dates of egg hatch in the spring and prediapause development in the fall under different temperature regimens. Actual soil temperatures were recorded at several locations over 5 yr. To simulate climate warming, 2, 3, or 4°C was added to each hourly recorded temperature. Results suggest that a 2, 3, or 4°C increase in soil temperatures will result in eggs hatching ≈3, 5, or 7 d earlier, respectively. An increase of 3°C would be required to advance prediapause development enough to allow for a portion of the population to be univoltine in warmer years. To simulate shading, 2 and 4°C were subtracted from observed temperatures. A 4°C decrease in temperatures could potentially delay hatch by 8 d.
=593  \\$aPubAg article
=593  \\$cUSDA submission
=650  \3$aoverwintering
=650  \3$ainsect pests
=650  \3$asimulation models
=650  \3$asoil temperature
=650  \3$aova
=650  \3$aegg hatchability
=650  \3$aunivoltine habit
=650  \3$avegetation cover
=650  \3$aclimate change
=650  \3$adiapause
=650  \3$aMelanoplus sanguinipes
=650  \3$ainsect development
=650  \3$aembryogenesis
=650  \3$alife cycle (organisms)
=650  \2$aAnimals
=650  \2$aClimate Change
=650  \2$aConservation of Natural Resources
=650  \2$aGrasshoppers$xembryology$xphysiology
=650  \2$aModels, Biological
=650  \2$aOvum$xgrowth & development$xphysiology
=650  \2$aSoil
=650  \2$aSpecies Specificity
=650  \2$aTemperature
=650  \2$aTime Factors
=651  \0$aAlaska
=651  \0$aArctic Regions
=651  \0$aIdaho
=653  \0$aMelanoplus borealis
=653  \0$aMelanoplus
=700  1\$aDefoliart, Linda S.
=773  0\$tEnvironmental entomology.$g2010 Oct., v.  39, no.  5 p.1643-1651$dEntomological Society of America$x0046-225X$7nnas
=787  1\$oproduct_pubag
=787  1\$oislandora_article_repository
=787  1\$oislandora_pubag_with_text
=787  1\$o(Journal)jnl3243
=852  \\$aDNAL
=856  40$uhttps://handle.nal.usda.gov/10113/46682$3Available in the National Agricultural Library PubAg search system
=856  40$uhttp://dx.doi.org/10.1603/EN09356$3Available from publisher's Web site
=912  \\$aArticle
=914  \\$aJournal:jnl3243$b0046-225X$c39$d5$e1643
=914  \\$fEnvironmental entomology
=917  \\$aissued
=930  \\$a20101227$b20110101$c00000000
=935  \\$aIND44433468$9ExL
=945  \\$aIND$d2CT$e2010/11/03
=946  \\$aOther US
=949  \\$a2014-07-17
=952  \\$a20101227 20110101 00000000$bIND 2CT 2010/11/03
=961  \\$aUSDA/ARS
=974  \\$aagid:46682
=984  \\$a2015-11-24
=985  \\$aConverted from MARCXML to MODS version 3.4 using MARC21slim2MODS3-4.xsl (Revision 1.95 2014/04/23)
=986  \\$a4433468

