=LDR  03819nab a2200613 u 4500
=001  9916142755107426
=005  20221120024934.0
=008  130322e201301\\xx\|||||o|||||||||||eng||
=016  7\$aIND500624450$2DNAL
=024  7\$a10.1007/s10021-012-9596-1$2doi
=035  \\$aagid:417556-01nal_inst
=040  \\$aAGL$beng$cAGL
=100  1\$aGustafson, Eric J.$eauthor$uInstitute for Applied Ecosystem Studies, Northern Research Station, USDA Forest Service, 5985 Highway K, Rhinelander, Wisconsin, 54501, USA, egustafson@fs.fed.us
=245  10$aModeling Forest Mortality Caused by Drought Stress: Implications for Climate Change
=300  \\$ap. 60-74.
=520  \\$aClimate change is expected to affect forest landscape dynamics in many ways, but it is possible that the most important direct impact of climate change will be drought stress. We combined data from weather stations and forest inventory plots (FIA) across the upper Great Lakes region (USA) to study the relationship between measures of drought stress and mortality for four drought sensitivity species groups using a weight-of-evidence approach. For all groups, the model that predicted mortality as a function of mean drought length had the greatest plausibility. Model tests confirmed that the models for all groups except the most drought tolerant had predictive value. We assumed that no relationship exists between drought and mortality for the drought-tolerant group. We used these empirical models to develop a drought extension for the forest landscape disturbance and succession model LANDIS-II, and applied the model in Oconto county, Wisconsin (USA) to assess the influence of drought on forest dynamics relative to other factors such as stand-replacing disturbance and site characteristics. The simulations showed that drought stress does affect species composition and total biomass, but effects on age classes, spatial pattern, and productivity were insignificant. We conclude that (for the upper Midwest) (1) a drought-induced tree mortality signal can be detected using FIA data, (2) tree species respond primarily to the length of drought events rather than their severity, (3) the differences in drought tolerance of tree species can be quantified, (4) future increases in drought can potentially change forest composition, and (5) drought is a potentially important factor to include in forest dynamics simulations because it affects forest composition and carbon storage.
=592  \\$aPublisher supplied data
=593  \\$aPubAg article
=650  \3$aage structure
=650  \3$abiomass
=650  \3$acarbon sequestration
=650  \3$aclimate change
=650  \3$adrought
=650  \3$adrought tolerance
=650  \3$aforest inventory
=650  \3$aforests
=650  \3$amodels
=650  \3$amortality
=650  \3$aspecies diversity
=650  \3$atree mortality
=650  \3$awater stress
=650  \3$aweather stations
=651  \3$aGreat Lakes region
=651  \3$aUnited States
=700  1\$aSturtevant, Brian R.$eauthor
=773  0\$tEcosystems.$g2013 Jan., v. 16, no. 1 p.60-74$dSpringer-Verlag$x1432-9840$7nnas
=787  1\$oislandora_article_repository
=787  1\$oproduct_pubag
=787  1\$o(Journal)jnl70038
=856  40$uhttp://dx.doi.org/10.1007/s10021-012-9596-1
=912  \\$aArticle
=914  \\$aJournal:jnl70038$b1432-9840$c16$d1$e60
=914  \\$fEcosystems
=917  \\$aissued
=918  2\$aSpringer$eprovider$5DNAL
=935  \\$aIND500624450$9ExL
=949  \\$a2013-12-31
=951  \\$a2013-03-21
=953  \\$aftp_PUB_13-01-24_08-52-21.zip
=961  \\$aUSDA/FS
=962  \\$aBatch:400 annotated on 2013-12-13T14:28:25Z
=962  \\$aBatch:400 reviewed on 2013-12-30T16:00:03Z
=962  \\$aBatch:400 reviewed on 2013-12-31T04:00:03Z
=974  \\$aagid:417556

