=LDR  05977nab a2200841 u 4500
=001  9916144025307426
=005  20221121223617.0
=008  221004e20220922xx\|||||o|||||||||||eng||
=016  7\$aIND607954539$2DNAL
=024  7\$a10.1016/j.compag.2022.107408$2doi
=035  \\$aagid:7954539-01nal_inst
=040  \\$aAGL$beng$cAGL
=100  1\$aLi, Xinlin$eauthor$uCollege of Land Science and Technology, China Agricultural University, Beijing 100193, China
=245  10$aEffects of global climate change on the hydrological cycle and crop growth under heavily irrigated management - A comparison between CMIP5 and CMIP6
=500  \\$aPre-press version
=520  \\$aQuantifying the impact of global climate change on the water cycle and crop production is essential for water resource management and agricultural production planning. This study compared multiple GCM (General Circulation Model) projections of CMIP5 (Coupled Model Intercomparison Project 5) and CMIP6 and further used the selected GCMs to quantify the impact of future climate change on hydrology and crop production under intensive irrigation management in the North China Plain using an improved SWAT model (SWAT-MAD). Taylor's skill score was used firstly to screen out six groups of GCMs with better simulation performance from 10 pairs of homologous GCMs of CMIP5 and CMIP6. The selected GCMs of CMIP5 and CMIP6 were further used to drive SWAT-MAD for a robust evaluation of climate change impacts. Results showed that during winter wheat growing season, average actual evapotranspiration (ETₐ) increased by 3%, 3%, 4%, and 5%, respectively, under 2041-2070 RCP4.5, 2041-2070 SSP2-4.5, 2041-2100 RCP4.5, and 2071-2100 SSP2-4.5 scenarios, compared to the historical period (1971-2000). During summer maize growing season, those changes in ETₐ were 4%, 2%, -0.2%, and -3%. Predicted future precipitation, air temperatures, and surface runoff could increase, while irrigation could decrease as precipitation increased. The dynamic patterns of leaf area index of winter wheat and summer maize indicated that there is a tendency for early emergence and maturity of both crops in the future, and the daily total biomass elevated with a corresponding increase in final yields. The highest increases in yields of winter wheat and summer maize were 18.9% and 16.7%. The findings not only contribute to enhancing the confidence of future projections using CMIP6 but also facilitate our understanding of the relative uncertainty of GCMs. This study provides technical and data support for pre-selections of GCMs and decision making in best management practices for groundwater conservation and agricultural production.
=592  \\$aPublisher supplied data
=593  \\$aPubAg article
=650  \3$aSoil and Water Assessment Tool model
=650  \3$aZea mays
=650  \3$aagriculture
=650  \3$aair
=650  \3$abiomass
=650  \3$aclimate change
=650  \3$acrop production
=650  \3$aelectronics
=650  \3$aevapotranspiration
=650  \3$ahydrologic cycle
=650  \3$airrigation rates
=650  \3$aleaf area index
=650  \3$arunoff
=650  \3$auncertainty
=650  \3$awater conservation
=650  \3$awinter wheat
=651  \3$aChina
=653  \0$aHydrological modeling
=653  \0$aSWAT-MAD
=653  \0$aFuture climate change
=653  \0$aDouble-cropping system
=653  \0$aIrrigated farming
=700  1\$aTan, Lili$eauthor$uCollege of Land Science and Technology, China Agricultural University, Beijing 100193, China
=700  1\$aLi, Yingxuan$eauthor$uCollege of Land Science and Technology, China Agricultural University, Beijing 100193, China
=700  1\$aQi, Junyu$eauthor$uEarth System Science Interdisciplinary Center, University of Maryland, College Park, MD 20740, USA
=700  1\$aFeng, Puyu$eauthor$uCollege of Land Science and Technology, China Agricultural University, Beijing 100193, China
=700  1\$aLi, Baoguo$eauthor$uCollege of Land Science and Technology, China Agricultural University, Beijing 100193, China
=700  1\$aLi Liu, De$eauthor$uNSW Department of Primary Industries, Wagga Wagga Agricultural Institute, Wagga Wagga, NSW 2650, Australia
=700  1\$aZhang, Xueliang$eauthor$uCollege of Land Science and Technology, China Agricultural University, Beijing 100193, China
=700  1\$aMarek, Gray W.$eauthor$uUSDA-ARS Conservation and Production Research Laboratory, Bushland, TX 79012, USA
=700  1\$aZhang, Yingqi$eauthor$uCollege of Land Science and Technology, China Agricultural University, Beijing 100193, China
=700  1\$aLiu, Haipeng$eauthor$uCollege of Land Science and Technology, China Agricultural University, Beijing 100193, China
=700  1\$aSrinivasan, Raghavan$eauthor$uDepartment of Ecosystem Science and Management, Texas A&M University, College Station, TX 77843, USA
=700  1\$aChen, Yong$eauthor$uCollege of Land Science and Technology, China Agricultural University, Beijing 100193, China
=773  0\$tComputers and electronics in agriculture.$g2022 Sept. 22,  p.107408-$dElsevier B.V.$aElsevier B.V.$wJournal:jnl38096$x0168-1699$7nnas
=787  1\$oislandora_article_repository
=787  1\$oproduct_pubag
=787  1\$o(Journal)jnl38096
=856  40$uhttp://dx.doi.org/10.1016/j.compag.2022.107408
=912  \\$aArticle
=914  \\$aJournal:jnl38096$b0168-1699$e107408
=914  \\$fComputers and electronics in agriculture
=916  \\$aBatch:10266
=917  \\$aissued
=918  2\$aElsevier Consyn$eprovider$5DNAL
=935  \\$aIND607954539$9ExL
=949  \\$a2022-10-04
=952  \\$dNAL-AP-2-clean
=953  \\$a/data/metadata/incoming/consyn/222649319265401329-00002-HEAD-ONLY-NEW CONSYN ISSNS.ZIP
=954  \\$afile:/data/metadata/staging/consyn/S0168169922007165.xml
=955  \\$a/data/metadata/staging/consyn/
=961  \\$aUSDA/ARS
=974  \\$aagid:7954539
=983  \\$a2022-10-04
=984  \\$a2022-10-04

