=LDR  04095nab a2200613 u 4500
=001  9916144234207426
=005  20221120072757.0
=008  211210s2021\\\\xx\|||||o|||||||||||eng||
=016  7\$aIND607594464$2DNAL
=024  7\$a10.1139/cjfr-2021-0097$2doi
=035  \\$aagid:7594464-01nal_inst
=040  \\$aAGL$beng$cAGL
=100  1\$aMuller, Jacob J.$eauthor$uDepartment of Forest Resources, University of Minnesota, 1530 Cleveland Avenue N, Saint Paul, MN 55108, USA.
=245  10$aComparing long-term projected outcomes of adaptive silvicultural approaches aimed at climate change in red pine forests of northern Minnesota, USA
=300  \\$ap. 1875-1887.
=520  \\$aThe Adaptive Silviculture for Climate Change (ASCC) project was developed to test ecosystem-specific adaptation approaches. The first ASCC trial was installed on the Cutfoot Experimental Forest (CEF) in northern Minnesota, USA, in 2014. Three adaptation treatments (resistance, resilience, and transition), along with a no action control, were tested and compared using Forest Vegetation Simulator to determine their relative success. We compared mean annual increment (MAI) and mortality and determined how well each treatment achieved its species composition and stand structure targets. MAI was highest in the no action (3.77 ± 0.43 m³·ha-¹·year-¹) and lowest in the transition (1.72 ± 0.16 m³·ha-¹·year-¹). However, MAI for the transition treatment continually increased over time, which extended culmination age. The no action control had the highest mortality with 38.76 (±1.32) trees·ha-¹ per 10-year timestep, while the resistance and transition treatments had the lowest levels at 9.36 (±0.49) and 4.19 (±0.35) trees·ha-¹, respectively. Our findings highlight the relative success of the transition, which had lower mortality, greater structural diversity, and a future-climate-adapted species composition. The results from this study provide important context for adaptive silviculture aimed at climate change and offers an example of potential outcomes of these forest adaptation options.
=536  \\$aFunding was provided by the Forest Resources Department and the Cloquet Forestry Center at the University of Minnesota, and the USDA Forest Service, Northern Research Station. Additional logistical support was provided by the Chippewa National Forest.
=592  \\$aPublisher supplied data
=593  \\$aPubAg article
=650  \3$aclimate change
=650  \3$aforest vegetation simulator
=650  \3$amean annual increment
=650  \3$amortality
=650  \3$aresearch
=650  \3$asilviculture
=650  \3$aspecies diversity
=650  \3$astand structure
=651  \3$aMinnesota
=653  \0$aforest modeling
=653  \0$aadaptive management
=653  \0$aforest adaptation
=700  1\$aNagel, Linda M.$eauthor$uForest and Rangeland Stewardship Department, Colorado State University, 1472 Campus Delivery, Fort Collins, CO 80523, USA.
=700  1\$aPalik, Brian J.$eauthor$uNorthern Research Station, Forestry Sciences Laboratory, USDA Forest Service, 1831 Highway 169 E, Grand Rapids, MN 55744, USA.
=773  0\$tCanadian journal of forest research.$g2021, v. 51, no. 12 p.1875-1887$dNRC Research Press$wJournal:jnl2003$x1208-6037$7nnas
=787  1\$oislandora_article_repository
=787  1\$oproduct_pubag
=787  1\$o(Journal)jnl2003
=856  40$uhttps://dx.doi.org/10.1139/cjfr-2021-0097$3Available from publisher's site
=912  \\$aArticle
=914  \\$aJournal:jnl2003$b1208-6037$c51$d12$e1875
=914  \\$fCan. J. For. Res.
=916  \\$aBatch:10213
=917  \\$aissued
=918  2\$aCanadian Science Publishing$eprovider$5DNAL
=935  \\$aIND607594464$9ExL
=949  \\$a2022-02-23
=952  \\$dNAL-AP-2-clean
=953  \\$a/data/metadata/incoming/nrccanada/CJFRv51i12-12101100-1096906.zip
=954  \\$afile:/data/metadata/staging/nrc/cjfr-2021-0097.xml
=955  \\$a/data/metadata/staging/nrc/
=961  \\$aUSDA/FS
=974  \\$aagid:7594464
=983  \\$a2021-12-10
=984  \\$a2022-02-19

