=LDR  02416nab a2200733 u 4500
=001  9916146076907426
=005  20221120062543.0
=008  080507e200707\\xx\|||||o|||||||||||eng||
=016  7\$aIND44053424$2DNAL
=024  7\$a10113/17497$2hdl
=035  \\$aagid:17497-01nal_inst
=040  \\$aAGL$beng$cAGL
=072  \0$a     F110   
=072  \0$a     F200   
=072  \0$a     F841   
=072  \0$a     J710   
=100  1\$aPorch, T.G.$eauthor
=245  10$aClimate change and the potential economic benefits of heat-tolerant bean varieties for farmers in Atlantida, Honduras
=300  \\$ap. 133-148.
=500  \\$aIncludes references
=500  \\$aSummary in Spanish.
=593  \\$aPubAg article
=593  \\$cUSDA submission
=650  \3$aPhaseolus vulgaris
=650  \3$abeans
=650  \3$aheat tolerance
=650  \3$acultivars
=650  \3$aclimate change
=650  \3$aair temperature
=650  \3$adeforestation
=650  \3$asustainable agriculture
=650  \3$aaltitude
=650  \3$aseasonal variation
=650  \3$ageographic information systems
=650  \3$aspatial variation
=650  \3$aindigenous knowledge
=650  \3$aclimatic factors
=650  \3$acost benefit analysis
=651  \3$aHonduras
=700  1\$aBernsten, R.$eauthor
=700  1\$aRosas, J.C.$eauthor
=700  1\$aJahn, M.$eauthor
=773  0\$tJournal of agriculture of the University of Puerto Rico.$g2007 , v. 91, no. 3-4 p.133-148$wJournal:12246$x0041-994X$7nnas
=787  1\$oislandora_article_repository
=787  1\$oproduct_pubag
=787  1\$oislandora_pubag_with_text
=787  1\$o(Journal)12246
=852  \\$aDNAL
=856  40$uhttps://handle.nal.usda.gov/10113/17497$3Available in the National Agricultural Library PubAg search system
=912  \\$aArticle
=914  \\$aJournal:12246$b0041-994X$c91$d3-4$e133
=914  \\$fJournal of agriculture of the University of Puerto Rico
=917  \\$aissued
=930  \\$a20080801$b20080801$c00000000
=935  \\$aIND44053424$9ExL
=945  \\$aIND$d2CT$e2008/06/19
=946  \\$aState experiment station
=949  \\$a2014-07-17
=952  \\$a20080801 20080801 00000000$bIND 2CT 2008/06/19
=961  \\$aUSDA/ARS
=974  \\$aagid:17497
=984  \\$a2015-09-17
=985  \\$aConverted from MARCXML to MODS version 3.4 using MARC21slim2MODS3-4.xsl (Revision 1.95 2014/04/23)
=986  \\$a4053424

