=LDR  02144nab a2200625 u 4500
=001  9916146515207426
=005  20221120191427.0
=008  080326s2007\\\\xx\|||||o|||||||||||eng||
=016  7\$aIND44035482$2DNAL
=035  \\$aagid:4901577-01nal_inst
=040  \\$aAGL$beng$cAGL
=072  \0$a     K800   
=072  \0$a     B200   
=072  \0$a     K200   
=072  \0$a     K250   
=072  \0$a     X200   
=100  1\$aJoyce, L.A.
=245  14$aThe impacts of climate change on forestry
=500  \\$a2019-12-06
=650  \3$acarbon dioxide
=650  \3$aforest policy
=650  \3$aforests
=650  \3$aquantitative analysis
=650  \3$aforest yields
=650  \3$ageographical variation
=650  \3$amodels
=650  \3$acomputer analysis
=650  \3$atimber supply
=650  \3$aclimate change
=650  \3$asupply balance
=650  \3$aelevated atmospheric gases
=650  \3$ainternational trade
=650  \3$aforest growth
=650  \3$aforest health
=651  \3$aUnited States
=653  \0$aTimber Assessment Projection System
=653  \0$aproductivity
=653  \0$aforest ecology
=773  0\$tResource and market projections for forest policy development : twenty-five years of experience with the  U.S. RPA timber assessment / edited by Darius M. Adams and Richard W. Haynes.$dDordrecht, The Netherlands : Springer, c2007.$7nnas
=787  1\$oislandora_article_repository
=852  \\$aDNAL
=912  \\$aArticle
=914  \\$fResource and market projections for forest policy development : twenty-five years of experience with the  U.S. RPA timber assessment / edited by Darius M. Adams and Richard W. Haynes
=917  \\$aorphan
=930  \\$a20080606$b20080704$c00000000
=935  \\$aIND44035482$9ExL
=945  \\$aIND$dLYN$e2008/06/02
=946  \\$aNon-US
=952  \\$a20080606 20080704 00000000$bIND LYN 2008/06/02
=961  \\$aUSDA/FS
=974  \\$aagid:4901577
=979  \\$aArticle missing pages
=984  \\$a2014-12-24
=985  \\$aConverted from MARCXML to MODS version 3.4 using MARC21slim2MODS3-4.xsl (Revision 1.95 2014/04/23)
=986  \\$a4035482

