=LDR  06199nab a2200841 u 4500
=001  9916148402907426
=005  20221207115413.0
=008  200724e202008\\xx\|||||o|||||||||||eng||
=016  7\$aIND606872704$2DNAL
=024  7\$a10.1016/j.jhydrol.2020.124869$2chorus
=024  7\$a10.1016/j.jhydrol.2020.124869$2doi
=035  \\$aagid:6872704-01nal_inst
=040  \\$aAGL$beng$cAGL
=100  1\$aFang, Di$eauthor$uJiangsu Key Laboratory of Agricultural Meteorology, Nanjing University of Information Science and Technology, Nanjing 210044, China$1https://orcid.org/0000-0001-5834-2116
=245  10$aCombined effects of urbanization and climate change on watershed evapotranspiration at multiple spatial scales
=506  \\$aResource is Open Access$uhttp://purl.org/eprint/accessRights/OpenAccess
=506  \\$aCHORUS License Information
=520  \\$aHow urbanization-associated land use/land cover change (LULCC) affects the ecohydrological cycle through altering evapotranspiration (ET) processes is not clear for rice paddy dominated watersheds. The purpose of this study was to understand long-term (2000-2013) spatial and temporal variations of ET over the Qinhuai River Basin in a humid region, southern China. We revised the Soil and Water Assessment Tool (SWAT) by incorporating new algorithms describing hydrological processes of rice paddies. Using the improved SWAT model driven by remote sensing-derived LULCC and local climatic data, we separated the effects of LULCC on ET from climate at the watershed scale. We showed that the modified SWAT model significantly improved monthly streamflow estimates. The Nash-Sutcliffe model efficiency (NSE) was 0.86 and coefficient of determination (R²) was 0.88 for the calibration period (1990-1994) while the NSE was 0.65 and R² was 0.71 for the validation period (1995-1999). We also found good agreements between modelled daily ET and lysimeter-based measurements for an experimental rice paddy field (R² = 0.75, p less than 0.01). For areas with little land cover change, ET rates increased over time due to the increase in potential ET (PET) during 2000-2013. However, the contribution from rice paddy to the watershed-level ET decreased over time coincident with a period of rapid urbanization and loss of rice paddy field. Dynamic attribution analysis indicated that the negative contribution of LULCC to change in ET increased from 53% in 2000 to 61% in 2013 while the positive contribution of climate variability decreased from 47% in 2000 to 39% in 2013. We concluded that factors affecting ET varied with spatial scale. Conversion of rice paddy field to urban use directly resulted in significant ET reduction at the watershed scale despite the rise in the air temperature and potential ET in the study region. The improved SWAT model provides a better integrated method for understanding ET processes and assessing the impacts of environmental change on ecosystem services in a rapidly urbanizing region.
=592  \\$aPublisher supplied data
=593  \\$aPubAg article
=596  \\$cNational Natural Science Foundation of China$dhttps://doi.org/10.13039/501100001809
=596  \\$cU.S. Forest Service$dhttps://doi.org/10.13039/100006959
=596  \\$cChina Meteorological Administration
=506  0\$fUnrestricted online access$2star
=650  \3$aSoil and Water Assessment Tool model
=650  \3$aair temperature
=650  \3$aalgorithms
=650  \3$aclimate change
=650  \3$aecosystem services
=650  \3$aevapotranspiration
=650  \3$ahumid zones
=650  \3$ahydrologic cycle
=650  \3$aland cover
=650  \3$aland use
=650  \3$apaddies
=650  \3$arice
=650  \3$astream flow
=650  \3$atemporal variation
=650  \3$aurbanization
=650  \3$awatersheds
=651  \3$aChina
=653  \0$aUrbanization-associated land cover change
=653  \0$aClimate warming
=653  \0$aSWAT model
=653  \0$aEcohydrological processes
=653  \0$aRice paddy watershed
=700  1\$aHao, Lu$eauthor$uJiangsu Key Laboratory of Agricultural Meteorology, Nanjing University of Information Science and Technology, Nanjing 210044, China$1https://orcid.org/0000-0002-2947-1901
=700  1\$aCao, Zhen$eauthor$uJiangsu Key Laboratory of Agricultural Meteorology, Nanjing University of Information Science and Technology, Nanjing 210044, China
=700  1\$aHuang, Xiaolin$eauthor$uJiangsu Key Laboratory of Agricultural Meteorology, Nanjing University of Information Science and Technology, Nanjing 210044, China
=700  1\$aQin, Mengsheng$eauthor$uJiangsu Key Laboratory of Agricultural Meteorology, Nanjing University of Information Science and Technology, Nanjing 210044, China
=700  1\$aHu, Jichao$eauthor$uJiangsu Key Laboratory of Agricultural Meteorology, Nanjing University of Information Science and Technology, Nanjing 210044, China
=700  1\$aLiu, Yongqiang$eauthor$uCenter for Forest Disturbance Science, Southern Research Station, USDA Forest Service, Athens, GA 30602, USA
=700  1\$aSun, Ge$eauthor$uEastern Forest Environmental Threat Assessment Center, Southern Research Station, USDA Forest Service, Research Triangle Park, NC 27709, USA$1https://orcid.org/0000-0002-0159-1370
=773  0\$tJournal of hydrology.$g2020 Aug., v. 587 p.124869-$dElsevier B.V.$aElsevier B.V.$wJournal:jnl46539$x0022-1694$7nnas
=787  1\$oislandora_article_repository
=787  1\$oproduct_pubag
=787  1\$o(Journal)jnl46539
=856  40$uhttps://dx.doi.org/10.1016/j.jhydrol.2020.124869$3Available from publisher's site
=912  \\$aArticle
=914  \\$aJournal:jnl46539$b0022-1694$e124869
=914  \\$fJournal of hydrology
=916  \\$aBatch:2470
=917  \\$aissued
=918  2\$aElsevier Consyn$eprovider$5DNAL
=935  \\$aIND606872704$9ExL
=949  \\$a2020-05-15
=953  \\$a/data/metadata/incoming/consyn/651946295747661375-00001-HEAD-ONLY-REVISEDSUBJECTLIST.zip
=954  \\$afile:/data/metadata/staging/consyn/S0022169420303292.xml
=955  \\$a/data/metadata/staging/consyn/
=961  \\$aUSDA/FS
=974  \\$aagid:6872704
=983  \\$a2020-07-24
=984  \\$a2022-10-04

