=LDR  03722nab a2200661 u 4500
=001  9916150778307426
=005  20221214225307.0
=008  220826e20220821xx\|||||o|||||||||||eng||
=016  7\$aIND607908766$2DNAL
=024  7\$a396335$2aris
=024  7\$a10113/7908766$2hdl
=024  7\$a10.3390/d14080690$2doi
=024  7\$a396335$2seq_no_115
=024  7\$a6066-21000-001-000D$2aris_project_no
=024  7\$a436957$2aris_accn_no
=035  \\$aagid:7908766-01nal_inst
=040  \\$aAGL$beng$cAGL
=100  1\$aAbou-Shaara, Hossam F.$eauthor
=245  10$aTracking the Effects of Climate Change on the Distribution of Plecia nearctica (Diptera, Bibionidae) in the USA Using MaxEnt and GIS
=520  \\$aPlecia nearctica Hardy, commonly referred to as lovebugs, is a species of march fly with a subtropical American distribution. The northern range limits of P. nearctica could alter due to climate change, which is a worldwide issue. It has been reported that flowers utilized by P. nearctica are not visited by pollinators, which may negatively impact foraging activity particularly when resources are limited. This study used 933 occurrence records of P. nearctica in the USA to predict its potential range expansion by 2050. To predict potential habitat change we applied well-established modeling procedures using both MaxEnt and geographical information system (GIS). Six environmental variables, two climate models, and two Shared Socio-economic Pathways (SSP126 and SSP585) were used in the analysis. The model performance was excellent with a high True Skilled Statistic (=0.75) value. The predicted potential distribution and range expansion of P. nearctica in 2050 includes the Gulf Coast and the Southeastern and Western regions of the USA. However, results suggest that most of the Central and Northern USA are unlikely to provide suitable habitat for this pest and have no reason for concern about interactions between pollinators and P. nearctica.
=592  \\$aPublisher supplied data
=593  \\$aPubAg article
=593  \\$eARIS manuscript
=650  \3$aBibionidae
=650  \3$aclimate
=650  \3$aclimate change
=650  \3$acoasts
=650  \3$ageographic information systems
=650  \3$ahabitats
=650  \3$amodel validation
=650  \3$apests
=650  \3$asocioeconomics
=700  1\$aAmiri, Esmaeil $eauthor
=700  1\$aParys, Katherine A.$eauthor$uUSDA Agricultural Research Service, Pollinator Health in Southern Crop Ecosystems Research Unit, Stoneville, MS 38776, USA$1https://orcid.org/0000-0001-7459-3687
=773  0\$tDiversity.$g2022 Aug. 21, v. 14, no. 8$dMultidisciplinary Digital Publishing Institute$wJournal:21675$x1424-2818$7nnas
=787  1\$oislandora_article_repository
=787  1\$oproduct_pubag
=787  1\$o(Journal)21675
=856  40$uhttps://handle.nal.usda.gov/10113/7908766$3Available in the National Agricultural Library PubAg search system
=856  40$uhttps://dx.doi.org/10.3390/d14080690$3Available from publisher's site
=912  \\$aArticle
=914  \\$aJournal:21675$b1424-2818$c14$d8
=914  \\$fDiversity
=917  \\$aissued
=918  2\$aMultidisciplinary Digital Publishing Institute$eprovider$5DNAL
=935  \\$aIND607908766$9ExL
=949  \\$a2022-09-01
=952  \\$dNAL-AP-2-clean
=953  \\$a/data/metadata/incoming/mdpinstitute/diversity-14-08.xml
=954  \\$afile:/data/metadata/staging/mdpinstitute/diversity-14-08.xml
=955  \\$a/data/metadata/staging/mdpinstitute/
=961  \\$aUSDA/ARS
=962  \\$aARIS manuscript submission
=962  \\$aARIS Manuscript
=974  \\$aagid:7908766
=979  \\$aArticle missing pages
=983  \\$a2022-08-26
=984  \\$a2022-09-01

