=LDR  05662nab a2200805 u 4500
=001  9916151664307426
=005  20221207125240.0
=008  220914e20181215xx\|||||o|||||||||||eng||
=016  7\$aIND606098596$2DNAL
=024  7\$a10.1016/j.scitotenv.2018.06.287$2chorus
=024  7\$a10.1016/j.scitotenv.2018.06.287$2doi
=035  \\$aagid:6098596-01nal_inst
=040  \\$aAGL$beng$cAGL
=100  1\$aSuttles, Kelly M.$eauthor$uCenter for Integrated Forest Science, USDA Forest Service Southern Research Station, Raleigh, NC, United States of America
=245  10$aAssessment of hydrologic vulnerability to urbanization and climate change in a rapidly changing watershed in the Southeast U.S.
=300  \\$ap. 806-816.
=506  \\$aResource is Open Access
=506  \\$aElsevier BV License Information
=506  \\$aResource is Open Access$uhttp://purl.org/eprint/accessRights/OpenAccess
=506  \\$aCHORUS License Information
=520  \\$aThis study assessed the combined effects of increased urbanization and climate change on streamflow in the Yadkin-Pee Dee watershed (North Carolina, USA) and focused on the conversion from forest to urban land use, the primary land use transition occurring in the watershed. We used the Soil and Water Assessment Tool to simulate future (2050-2070) streamflow and baseflow for four combined climate and land use scenarios across the Yadkin-Pee Dee River watershed and three subwatersheds. The combined scenarios pair land use change and climate change scenarios together. Compared to the baseline, projected streamflow increased in three out of four combined scenarios and decreased in one combined scenario. Baseflow decreased in all combined scenarios, but decreases were largest in subwatersheds that lost the most forest. The effects of land use change and climate change were additive, amplifying the increases in runoff and decreases in baseflow. Streamflow was influenced more strongly by climate change than land use change. However, for baseflow the reverse was true; land use change tended to drive baseflow more than climate change. Land use change was also a stronger driver than climate in the most urban subwatershed. In the most extreme land use and climate projection the volume of the 1-day, 100 year flood nearly doubled at the watershed outlet. Our results underscore the importance of forests as hydrologic regulators buffering streamflow and baseflow from hydrologic extremes. Additionally, our results suggest that land managers and policy makers need to consider the implications of forest loss on streamflow and baseflow when planning for future urbanization and climate change adaptation options.
=592  \\$aPublisher supplied data
=593  \\$aPubAg article
=596  \\$cUSDOE$dhttps://doi.org/10.13039/100000015
=596  \\$cU.S. Forest Service$dhttps://doi.org/10.13039/100006959
=506  0\$fUnrestricted online access$2star
=650  \3$aSoil and Water Assessment Tool model
=650  \3$abase flow
=650  \3$aclimate
=650  \3$aclimate change
=650  \3$aforests
=650  \3$aland use change
=650  \3$aplanning
=650  \3$arivers
=650  \3$arunoff
=650  \3$asubwatersheds
=650  \3$aurbanization
=651  \3$aNorth Carolina
=653  \0$aForested watersheds
=653  \0$aStreamflow
=653  \0$aLand use models
=653  \0$aSoil water assessment tool (SWAT)
=653  \0$aForest management, land use change
=700  1\$aSingh, Nitin K.$eauthor$uRubenstein School for Environment and Natural Resources, 617 Main Street, The University of Vermont, Burlington, VT, 05405, United States of America
=700  1\$aVose, James M.$eauthor$uCenter for Integrated Forest Science, USDA Forest Service Southern Research Station, Raleigh, NC, United States of America
=700  1\$aMartin, Katherine L.$eauthor$uDepartment of Forestry and Environmental Resources, North Carolina State University, Campus Box 8008, Raleigh, NC 27695, United States of America
=700  1\$aEmanuel, Ryan E.$eauthor$uDepartment of Forestry and Environmental Resources, North Carolina State University, Campus Box 8008, Raleigh, NC 27695, United States of America
=700  1\$aCoulston, John W.$eauthor$uForest Inventory and Analysis Program, USDA Forest Service Southern Research Station, 1710 Research Center Drive, Blacksburg, VA 24060-6349, United States of America
=700  1\$aSaia, Sheila M.$eauthor$uCenter for Integrated Forest Science, USDA Forest Service Southern Research Station, Raleigh, NC, United States of America
=700  1\$aCrump, Michael T.$eauthor$uMark Twain National Forest, USDA Forest Service, 401 Fairgrounds Road, Rolla, MO 65401, United States of America
=773  0\$tScience of the total environment.$g2018 Dec. 15, v. 645 p.806-816$dElsevier B.V.$wJournal:jnl4455$x0048-9697$7nnas
=787  1\$oislandora_article_repository
=787  1\$oproduct_pubag
=787  1\$o(Journal)jnl4455
=856  40$uhttps://dx.doi.org/10.1016/j.scitotenv.2018.06.287$3Available from publisher's site
=912  \\$aArticle
=914  \\$aJournal:jnl4455$b0048-9697$c645$e806
=914  \\$fScience of the total environment
=916  \\$aBatch:2065
=917  \\$aissued
=918  2\$aElsevier Consyn$eprovider$5DNAL
=935  \\$aIND606098596$9ExL
=949  \\$a2020-03-06
=953  \\$a/data/metadata/incoming/consyn/155209357669562851-00001-HEAD-ONLY-NEW CONSYN ISSNS.ZIP
=954  \\$afile:/data/metadata/staging/consyn/S0048969718323635.xml
=955  \\$a/data/metadata/staging/consyn/
=961  \\$aUSDA/FS
=974  \\$aagid:6098596
=983  \\$a2022-09-14
=984  \\$a2022-09-14

