=LDR  04996nab a2200709 u 4500
=001  9916151786207426
=005  20221120171153.0
=008  210723e202004\\xx\|||||o|||||||||||eng||
=016  7\$aIND606888322$2DNAL
=024  7\$a10.1007/s10584-019-02627-y$2doi
=035  \\$aagid:6888322-01nal_inst
=040  \\$aAGL$beng$cAGL
=100  1\$aAraya, A.$eauthor$uDepartment of Agronomy, and Feed the Future Innovation Lab for Collaborative Research on Sustainable Intensification, Kansas State University, Manhattan, KS, USA. aberhe@ksu.edu
=245  10$aPotential impacts of climate change factors and agronomic adaptation strategies on wheat yields in central highlands of Ethiopia
=300  \\$ap. 461-479.
=520  \\$aThe potential impacts of climate change on wheat were assessed for Kulmsa area in central highlands of Ethiopia using the Agricultural Production Systems sIMulator (APSIM)-wheat model. The objectives were to (i) evaluate the performance of wheat under increased temperatures with or without changes in rainfall and carbon dioxide (CO₂) levels and (ii) assess the response of different wheat cultivars to projected future climates under improved management practices (optimal nitrogen rate, planting date, and density) (IMPs). The model was first calibrated and used to identify ranges of IMPs. Then, the model was used to (i) conduct sensitivity analysis of wheat in response to assumed elevated temperature (T), with and without change in rainfall and CO₂ level, and to (ii) evaluate average effect of future worst-case climate change scenarios as predicted by an ensemble of three global climate models (GCM) under highest Representative Concentration Pathways (RCP8.5) for three future time frames, NF (2010-2039), MC (2040-2069), and EC (2070-2099). The simulation was evaluated for three wheat cultivars ("early", "medium", and "late") relative to their corresponding baseline values under the selected IMPs. The baseline climate was represented by the long-term (1980-2009) dataset and CO₂ of 360 μmol/mol. Results showed that increased temperature above 4 °C alone had strong negative impacts on yields under the IMPs when CO₂ staying constant at the baseline level. In contrast, climate change simulations with GCM projections under IMPs and elevated CO₂ effect showed that wheat yield remained unchanged (− 0.4 to + 9%) for all three genotypes. This suggests that the IMPs and elevated CO₂ were able to reduce the negative effect of elevated T on wheat yield as T stress did not go beyond optimal T range for wheat. Overall, climate change may not reduce wheat production in the climate of the location of study in the near future, midcentury, or end century.
=592  \\$aPublisher supplied data
=593  \\$aPubAg article
=596  \\$aAID-OAA-L-14-00006$cUnited States Agency for International Development
=650  \3$aTriticum
=650  \3$acarbon dioxide
=650  \3$acarbon dioxide enrichment
=650  \3$aclimate
=650  \3$aclimate change
=650  \3$aclimate models
=650  \3$acultivars
=650  \3$adata collection
=650  \3$agenotype
=650  \3$agrain yield
=650  \3$ahighlands
=650  \3$anitrogen
=650  \3$anormal values
=650  \3$aplanting date
=650  \3$aproduction technology
=650  \3$arain
=650  \3$atemperature
=650  \3$awheat
=651  \3$aEthiopia
=700  1\$aPrasad, P. V. V.$eauthor$uDepartment of Agronomy, and Feed the Future Innovation Lab for Collaborative Research on Sustainable Intensification, Kansas State University, Manhattan, KS, USA. vara@ksu.edu$1https://orcid.org/0000-0001-6632-3361
=700  1\$aGowda, P. H.$eauthor$uGrazinglands Research Laboratory, United States Department of Agriculture-Agricultural Research Service El Reno, El Reno, OK, USA
=700  1\$aDjanaguiraman, M.$eauthor$uDepartment of Crop Physiology, Tamil Nadu Agricultural University, Coimbatore, 641003, India
=700  1\$aKassa, A. H.$eauthor$uTigray Agricultural Research Institute, Mekelle Agricultural Research Center, Mekelle, Ethiopia
=773  0\$tClimatic change.$g2020 Apr., v. 159, no. 3 p.461-479$dSpringer Netherlands$wJournal:jnl8952$x0165-0009$7nnas
=787  1\$oislandora_article_repository
=787  1\$oproduct_pubag
=787  1\$o(Journal)jnl8952
=856  40$uhttps://dx.doi.org/10.1007/s10584-019-02627-y$3Available from publisher's site
=912  \\$aArticle
=914  \\$aJournal:jnl8952$b0165-0009$c159$d3$e461
=914  \\$fClimatic change
=916  \\$aBatch:2470
=917  \\$aissued
=918  2\$aSpringer$eprovider$5DNAL
=935  \\$aIND606888322$9ExL
=949  \\$a2020-05-15
=953  \\$a/data/metadata/incoming/springer/ftp_PUB_21-07-22_05-21-35.zip
=954  \\$afile:/data/metadata/staging/springer/10584-159-3.xml
=955  \\$a/data/metadata/staging/springer/
=961  \\$aUSDA/ARS
=974  \\$aagid:6888322
=983  \\$a2021-07-23
=984  \\$a2021-07-23

