=LDR  05083nab a2200829 u 4500
=001  9916153143507426
=005  20221215142850.0
=008  190402e201905\\xx\|||||o|||||||||||eng||
=016  7\$aIND606284996$2DNAL
=024  7\$a10.1016/j.agsy.2019.01.006$2chorus
=024  7\$a10.1016/j.agsy.2019.01.006$2doi
=035  \\$aagid:6284996-01nal_inst
=040  \\$aAGL$beng$cAGL
=100  1\$aKang, Hyunwoo$eauthor$uDepartment of Biological Systems Engineering, Virginia Polytechnic Institute and State University, USA
=245  10$aEconomy-wide climate change impacts on green water droughts based on the hydrologic simulations
=300  \\$ap. 76-88.
=506  \\$aResource is Open Access$uhttp://purl.org/eprint/accessRights/OpenAccess
=506  \\$aCHORUS License Information
=520  \\$aThe impacts of climate change on green water drought and associated economic activity can be simulated with future climate projections, hydrologic models that predict drought indices based on reliable soil moisture, and historic relationships between drought indices and agricultural sector impacts. This study compares the potential impacts of climate change on future agricultural drought and economic conditions in a rural and an urban congressional district in Northern Virginia (VA). The Variable Infiltration Capacity (VIC) model is applied to estimate a soil moisture index (SSI), which is then employed with historic and future climate data to generate SSI predictions. Economic impacts of future SSI changes are inferred from linear regression analysis of the historic relationship between annual mean SSI values and agricultural production values for a seven-year period (2010-2016). The two districts face similar future temperature and precipitation changes due to geographic proximity, but soil moisture, agricultural production and economy-wide responses to climate change differ considerably due to differences in land use and economic structure. In the more rural district, the mean value of drought occurrence increases 38%, while in the more urban district the increase is only 15%. Similarly, economy-wide agricultural sector value added decreases between 17% and 22% in the rural district and between 1 and 5% in the urban district. More studies are required to understand the impacts of adaption on agricultural and other economic sectors both rural and urban regions. More research should be carried out with an application of blue water droughts that have significant impacts to explain the economic impact of droughts.
=592  \\$aPublisher supplied data
=593  \\$aPubAg article
=596  \\$cNational Institute of Food and Agriculture$dhttps://doi.org/10.13039/100005825
=596  \\$cInstitute for Critical Technology and Applied Science
=506  0\$fUnrestricted online access$2star
=650  \3$aagricultural industry
=650  \3$aclimate
=650  \3$aclimate change
=650  \3$adrought
=650  \3$aeconomic impact
=650  \3$aeconomic sectors
=650  \3$ahydrologic models
=650  \3$aland use
=650  \3$ameteorological data
=650  \3$aprediction
=650  \3$aregression analysis
=650  \3$asoil water
=650  \3$atemperature
=650  \3$aurban areas
=650  \3$avalue added
=651  \3$aVirginia
=653  \0$aSoil moisture
=653  \0$aDrought
=653  \0$aClimate change
=653  \0$aAgricultural production
=653  \0$aEconomic impacts
=700  1\$aSridhar, Venkataramana$eauthor$uDepartment of Biological Systems Engineering, Virginia Polytechnic Institute and State University, USA
=700  1\$aMills, Bradford F.$eauthor$uDepartment of Agricultural and Applied Economics, Virginia Polytechnic Institute and State University, USA
=700  1\$aHession, W. Cully$eauthor$uDepartment of Biological Systems Engineering, Virginia Polytechnic Institute and State University, USA
=700  1\$aOgejo, Jactone A.$eauthor$uDepartment of Biological Systems Engineering, Virginia Polytechnic Institute and State University, USA
=773  0\$tAgricultural systems.$g2019 May, v. 171 p.76-88$dElsevier Ltd$wJournal:jnl7186$x0308-521X$7nnas
=787  1\$oislandora_article_repository
=787  1\$oproduct_pubag
=787  1\$o(Journal)jnl7186
=856  40$uhttps://dx.doi.org/10.1016/j.agsy.2019.01.006$3Available from publisher's site
=856  40$uhttp://handle.nal.usda.gov/10113/6284996
=912  \\$aArticle
=914  \\$aJournal:jnl7186$b0308-521X$c171$e76
=914  \\$fAgricultural systems
=916  \\$aBatch:2157
=917  \\$aissued
=918  2\$aElsevier Consyn$eprovider$5DNAL
=935  \\$aIND606284996$9ExL
=949  \\$a2019-04-02
=953  \\$a/data/metadata/incoming/consyn-backfiles/46-2-00056-HEAD-ONLY.zip
=954  \\$afile:/data/metadata/staging/consyn-backfiles/S0308521X18312290.xml
=955  \\$a/data/metadata/staging/consyn-backfiles/
=961  \\$aUSDA
=962  \\$aUSDA Scientist Submission; eISSN 1873-2267
=962  \\$aMissing ISSN
=974  \\$aagid:6284996
=983  \\$a2019-04-02
=984  \\$a2022-09-02

