=LDR  05279nab a2200769 u 4500
=001  9916154273907426
=005  20221207103905.0
=008  181129e201812\\xx\|||||o|||||||||||eng||
=016  7\$aIND606239055$2DNAL
=024  7\$a10.1111/jbi.13467$2doi
=024  7\$a10.1111/jbi.13467$2chorus
=035  \\$aagid:6239055-01nal_inst
=040  \\$aAGL$beng$cAGL
=100  1\$aWang, Wen J.$eauthor$uSchool of Natural Resources, University of Missouri, Columbia, Missouri$1https://orcid.org/0000-0002-2769-671X
=245  10$aPopulation dynamics has greater effects than climate change on tree species distribution in a temperate forest region
=300  \\$ap. 2766-2778.
=500  \\$aJOURNAL ARTICLE
=506  \\$aResource is Open Access
=506  \\$aWiley License Information
=520  \\$aAIM: Population dynamics and disturbances have often been simplified or ignored when predicting regional‐scale tree species distributions in response to climate change in current climate‐distribution models (e.g., niche and biophysical process models). We determined the relative importance of population dynamics, tree harvest, climate change, and their interaction in affecting tree species distribution changes. LOCATION: Central Hardwood Forest Region of the United States. MAJOR TAXA STUDIED: Tree species. METHODS: We used a forest dynamic model, LANDIS PRO that accounted for population dynamics, tree harvest, and climate change to predict tree species' distributions at 270 m resolution from 2000 to 2300. We quantified the relative importance of these factors using a repeated measures analysis of variance. We further investigated the effects of each factor on changes in species distributions by summarizing extinction and colonization rates. RESULTS: On average, population dynamics was the most important factor affecting tree species distribution changes. Tree harvest was more important than climate change by 2100 whereas climate change was more important than harvest by 2300. By end of the 21ˢᵗ century, most tree species expanded their distributions irrespective of any climate or harvest scenario. By 2300, most northern, some southern, and most widely distributed species contracted their distributions while most southern species, some widely distributed species, and few northern species expanded their distributions under warmer climates with tree harvest. Harvest accelerated or ameliorated the contractions and expansions for species that were negatively or positively affected by climate change. MAIN CONCLUSIONS: Our results suggest that population dynamics and tree harvest can be more important than climate change and thus should be explicitly included when predicting future tree species' distributions. Understanding the underlying mechanisms that drive tree species distributions will enable better predictions of tree species distributions under climate change.
=592  \\$aPublisher supplied data
=593  \\$aPubAg article
=596  \\$cUSDA$dhttps://doi.org/10.13039/100000199
=596  \\$cUniversity of Missouri$dhttps://doi.org/10.13039/100007165
=596  \\$cU.S.D.A. Forest Service Northern Research Station
=596  \\$cUniversity of Missouri
=596  \\$cDepartment of Interior Northeast Climate Science Center
=506  0\$fUnrestricted online access$2star
=650  \3$aanalysis of variance
=650  \3$abiogeography
=650  \3$aclimate
=650  \3$aclimate change
=650  \3$adynamic models
=650  \3$aextinction
=650  \3$ahardwood forests
=650  \3$apopulation dynamics
=650  \3$aprediction
=650  \3$atemperate forests
=650  \3$atrees
=651  \3$aUnited States
=700  1\$aThompson, Frank R., III$cIII$eauthor$uUSDA Forest Service, Northern Research Station, Columbia, Missouri
=700  1\$aHe, Hong S.$eauthor$uSchool of Natural Resources, University of Missouri, Columbia, Missouri
=700  1\$aFraser, Jacob S.$eauthor$uSchool of Natural Resources, University of Missouri, Columbia, Missouri
=700  1\$aDijak, William D.$eauthor$uUSDA Forest Service, Northern Research Station, Columbia, Missouri
=700  1\$aSpetich, Martin A.$eauthor$uArkansas Forestry Science Laboratory, USDA Forest Service, Southern Research Station, Hot Springs, Arkansas
=773  0\$tJournal of biogeography.$g2018 Dec., v. 45, no. 12 p.2766-2778$dJohn Wiley & Sons, Ltd$wJournal:jnl9765$x0305-0270$7nnas
=787  1\$oislandora_article_repository
=787  1\$oproduct_pubag
=787  1\$o(Journal)jnl9765
=856  40$uhttp://dx.doi.org/10.1111/jbi.13467$3Available from publisher's site
=903  \\$aVersion of Record
=912  \\$aArticle
=914  \\$aJournal:jnl9765$b0305-0270$c45$d12$e2766
=914  \\$fJournal of biogeography
=916  \\$aBatch:2129
=917  \\$aissued
=918  2\$aJohn Wiley & Sons, Inc$eprovider$5DNAL
=935  \\$aIND606239055$9ExL
=949  \\$a2020-03-06
=953  \\$a/data/metadata/incoming/wiley/03050270_2018_45_12.xml
=954  \\$afile:/data/metadata/staging/wiley/03050270_2018_45_12.xml
=955  \\$a/data/metadata/staging/wiley/
=961  \\$aUSDA/FS
=962  \\$aBatch:2129 reviewed on 2019-02-22T08:00:03Z
=974  \\$aagid:6239055
=983  \\$a2018-11-29
=984  \\$a2020-03-06

