=LDR  04941nab a2200661 u 4500
=001  9916156717007426
=005  20221122191755.0
=008  161103e201105\\xx\|||||o|||||||||||eng||
=016  7\$aIND605579381$2DNAL
=024  7\$a10.1890/10-1325.1$2doi
=035  \\$aagid:5579381-01nal_inst
=040  \\$aAGL$beng$cAGL
=100  1\$aDobrowski, Solomon Z.$eauthor$uDepartment of Forest Management, College of Forestry and Conservation, 32 Campus Drive, University of Montana, Missoula, Montana 59812 USA. solomon.dobrowski@cfc.umt.edu
=245  10$aModeling plant ranges over 75 years of climate change in California, USA: temporal transferability and species traits
=300  \\$ap. 241-257.
=500  \\$aJOURNAL ARTICLE
=520  \\$aSpecies distribution model (SDM) projections under future climate scenarios are increasingly being used to inform resource management and conservation strategies. A critical assumption for projecting climate change responses is that SDMs are transferable through time, an assumption that is largely untested because investigators often lack temporally independent data for assessing transferability. Further, understanding how the ecology of species influences temporal transferability is critical yet almost wholly lacking. This raises two questions. (1) Are SDM projections transferable in time? (2) Does temporal transferability relate to species ecological traits? To address these questions we developed SDMs for 133 vascular plant species using data from the mountain ranges of California (USA) from two time periods: the 1930s and the present day. We forecast historical models over 75 years of measured climate change and assessed their projections against current distributions. Similarly, we hindcast contemporary models and compared their projections to historical data. We quantified transferability and related it to species ecological traits including physiognomy, endemism, dispersal capacity, fire adaptation, and commonness. We found that non‐endemic species with greater dispersal capacity, intermediate levels of prevalence, and little fire adaptation had higher transferability than endemic species with limited dispersal capacity that rely on fire for reproduction. We demonstrate that variability in model performance was driven principally by differences among species as compared to model algorithms or time period of model calibration. Further, our results suggest that the traits correlated with prediction accuracy in a single time period may not be related to transferability between time periods. Our findings provide a priori guidance for the suitability of SDM as an approach for forecasting climate change responses for certain taxa.
=592  \\$aPublisher supplied data
=593  \\$aPubAg article
=650  \3$aalgorithms
=650  \3$aclimate
=650  \3$aclimate change
=650  \3$ageographical distribution
=650  \3$aindigenous species
=650  \3$amodel validation
=650  \3$amodels
=650  \3$amountains
=650  \3$aplant ecology
=650  \3$aprediction
=650  \3$areproduction
=650  \3$aresource management
=650  \3$avascular plants
=651  \3$aCalifornia
=700  1\$aThorne, James H.$eauthor$uInformation Center for the Environment, University of California, Davis, California 95616 USA
=700  1\$aGreenberg, Jonathan A.$eauthor$uCenter for Spatial Technologies and Remote Sensing, University of California, Davis, California 95616 USA
=700  1\$aSafford, Hugh D.$eauthor$uUSDA Forest Service Pacific Southwest Region, 1323 Club Drive, Vallejo, California 94592 USA
=700  1\$aMynsberge, Alison R.$eauthor$uDepartment of Forest Management, College of Forestry and Conservation, 32 Campus Drive, University of Montana, Missoula, Montana 59812 USA
=700  1\$aCrimmins, Shawn M.$eauthor$uDepartment of Forest Management, College of Forestry and Conservation, 32 Campus Drive, University of Montana, Missoula, Montana 59812 USA
=700  1\$aSwanson, Alan K.$eauthor$uDepartment of Forest Management, College of Forestry and Conservation, 32 Campus Drive, University of Montana, Missoula, Montana 59812 USA
=773  0\$tEcological monographs.$g2011 May, v. 81, no. 2 p.241-257$dEcological Society of America$x0012-9615$7nnas
=787  1\$oislandora_article_repository
=787  1\$oproduct_pubag
=787  1\$o(Journal)19342
=856  40$uhttp://dx.doi.org/10.1890/10-1325.1$3Available from publisher's site
=912  \\$aArticle
=914  \\$aJournal:19342$b0012-9615$c81$d2$e241
=914  \\$fEcological monographs
=916  \\$aBatch:2277
=917  \\$aissued
=918  2\$aJohn Wiley & Sons, Inc$eprovider$5DNAL
=935  \\$aIND605579381$9ExL
=949  \\$a2019-08-16
=953  \\$a00129615_2011_81_2.xml
=961  \\$aUSDA/FS
=962  \\$aBatch:2277 reviewed on 2019-08-16T14:00:05Z
=974  \\$aagid:5579381
=983  \\$a2016-11-03
=984  \\$a2019-08-16

