=LDR  03776nab a2200637 u 4500
=001  9916158399807426
=005  20221121173059.0
=008  160320e20141016xx\|||||o|||||||||||eng||
=016  7\$aIND605158175$2DNAL
=024  7\$a10.1139/cjfas-2014-0098$2doi
=035  \\$aagid:5158175-01nal_inst
=040  \\$aAGL$beng$cAGL
=100  1\$aFalke, Jeffrey A.$eauthor$uDepartment of Fisheries and Wildlife, Oregon State University, Corvallis, OR 97333, USA.
=245  10$aClimate change and vulnerability of bull trout (Salvelinus confluentus) in a fire-prone landscape
=300  \\$ap. 304-318.
=520  \\$aLinked atmospheric and wildfire changes will complicate future management of native coldwater fishes in fire-prone landscapes, and new approaches to management that incorporate uncertainty are needed to address this challenge. We used a Bayesian network (BN) approach to evaluate population vulnerability of bull trout (Salvelinus confluentus) in the Wenatchee River basin, Washington, USA, under current and future climate and fire scenarios. The BN was based on modeled estimates of wildfire, water temperature, and physical habitat prior to, and following, simulated fires throughout the basin. We found that bull trout population vulnerability depended on the extent to which climate effects can be at least partially offset by managing factors such as habitat connectivity and fire size. Moreover, our analysis showed that local management can significantly reduce the vulnerability of bull trout to climate change given appropriate management actions. Tools such as our BN that explicitly integrate the linked nature of climate and wildfire, and incorporate uncertainty in both input data and vulnerability estimates, will be vital in effective future management to conserve native coldwater fishes.
=592  \\$aPublisher supplied data
=593  \\$aPubAg article
=650  \3$aBayesian theory
=650  \3$aSalvelinus confluentus
=650  \3$abasins
=650  \3$aclimate
=650  \3$aclimate change
=650  \3$afish
=650  \3$ahabitat connectivity
=650  \3$alandscapes
=650  \3$auncertainty
=650  \3$awater temperature
=650  \3$awatersheds
=650  \3$awildfires
=651  \3$aWashington (state)
=700  1\$aFlitcroft, Rebecca L.$eauthor$uPacific Northwest Research Station, USDA Forest Service, Corvallis, OR, 97333 USA.
=700  1\$aDunham, Jason B.$eauthor$uUS Geological Survey, Forest and Rangeland Ecosystem Science Center, Corvallis, OR 97333, USA.
=700  1\$aMcNyset, Kristina M.$eauthor$uDepartment of Fisheries and Wildlife, Oregon State University, Corvallis, OR 97333, USA.
=700  1\$aHessburg, Paul F.$eauthor$uPacific Northwest Research Station, USDA Forest Service, Wenatchee, WA 98801, USA.
=700  1\$aReeves, Gordon H.$eauthor$uPacific Northwest Research Station, USDA Forest Service, Corvallis, OR, 97333 USA.
=773  0\$tCanadian journal of fisheries and aquatic sciences.$g2014 Oct. 16, v. 72, no. 2 p.304-318$dNRC Research Press$x1205-7533$7nnas
=787  1\$oislandora_article_repository
=787  1\$oproduct_pubag
=787  1\$o(Journal)jnl32083
=856  40$uhttp://dx.doi.org/10.1139/cjfas-2014-0098$3Available from publisher's site
=912  \\$aArticle
=914  \\$aJournal:jnl32083$b1205-7533$c72$d2$e304
=914  \\$fCanadian journal of fisheries and aquatic sciences
=916  \\$aBatch:1547
=916  \\$aBatch:1777
=917  \\$aissued
=918  2\$aNRC Canada$eprovider$5DNAL
=935  \\$aIND605158175$9ExL
=949  \\$a2017-08-11
=953  \\$aCJFASv72i2-01280410-503481.zip
=961  \\$aUSDA/FS
=962  \\$aBatch:1777 reviewed on 2017-08-11T16:00:02Z
=974  \\$aagid:5158175
=983  \\$a2016-03-20
=984  \\$a2017-08-11

