=LDR  03149nab a2200721 u 4500
=001  9916160645407426
=005  20221121025102.0
=008  090410e200609\\xx\|||||o|||||||||||eng||
=016  7\$aIND44188834$2DNAL
=024  7\$a0.1016/j.yqres.2006.05.001$2doi
=024  7\$a10113/28118$2hdl
=035  \\$aagid:28118-01nal_inst
=040  \\$aAGL$beng$cAGL
=072  \0$aB200
=072  \0$aK250
=072  \0$aF300
=072  \0$aF700
=072  \0$aK001
=100  1\$aMillar, Constance I.
=245  10$aLate Holocene forest dynamics, volcanism, and climate change at Whitewing Mountain and San Joaquin Ridge, Mono County, Sierra Nevada, CA, USA
=300  \\$ap. 273-287.
=500  \\$aIncludes references
=500  \\$a2019-12-05
=520  \\$aDeadwood tree stems scattered above treeline on tephra-covered slopes of Whitewing Mtn (3051 m) and San Joaquin Ridge (3122 m) show evidence of being killed in an eruption from adjacent Glass Creek Vent, Inyo Craters. Using tree-ring methods, we dated deadwood to AD 815-1350 and infer from death dates that the eruption occurred in late summer AD 1350. Based on wood anatomy, we identified deadwood species as Pinus albicaulis, P. monticola, P. lambertiana, P. contorta, P. jeffreyi, and Tsuga mertensiana. Only P. albicaulis grows at these elevations currently; P. lambertiana is not locally native. Using contemporary distributions of the species, we modeled paleoclimate during the time of sympatry to be significantly warmer (+3.2°C annual minimum temperature) and slightly drier (-24 mm annual precipitation) than present, resembling values projected for California in the next 70-100 yr.
=593  \\$aPubAg article
=593  \\$cUSDA submission
=650  \3$aforest trees
=650  \3$apaleoecology
=650  \3$apaleoclimatology
=650  \3$adead wood
=650  \3$amodels
=650  \3$avolcanoes
=650  \3$aclimate change
=650  \3$adendrochronology
=650  \3$aprediction
=651  \3$aCalifornia
=653  \0$atree identification
=653  \0$aforest ecology
=700  1\$aKing, John C.
=700  1\$aWestfall, Robert D.
=700  1\$aAlden, Harry A.
=700  1\$aDelany, Diane L.
=773  0\$tQuaternary research.$g2006 Sept., v.  66, no.  2 p.273-287$x1096-0287$7nnas
=787  1\$oproduct_pubag
=787  1\$oislandora_article_repository
=787  1\$oislandora_pubag_with_text
=852  \\$aDNAL
=856  40$uhttps://handle.nal.usda.gov/10113/28118$3Available in the National Agricultural Library PubAg search system
=856  40$uhttp://dx.doi.org/0.1016/j.yqres.2006.05.001$3Available from publisher's Web site
=912  \\$aArticle
=914  \\$fQuaternary research
=917  \\$aissued
=930  \\$a20090417$b20090508$c00000000
=935  \\$aIND44188834$9ExL
=945  \\$aIND$dGAY$e2009/04/17
=946  \\$aOther US
=949  \\$a2016-09-13
=952  \\$a20090417 20090508 00000000$bIND GAY 2009/04/17
=961  \\$aUSDA/FS
=974  \\$aagid:28118
=984  \\$a2009-05-22
=985  \\$aConverted from MARCXML to MODS version 3.4 using MARC21slim2MODS3-4.xsl (Revision 1.95 2014/04/23)
=986  \\$a4188834

