=LDR  04308nab a2200745 u 4500
=001  9916170679007426
=005  20221215143112.0
=008  190410e201907\\xx\|||||o|||||||||||eng||
=016  7\$aIND606344335$2DNAL
=024  7\$a10.1016/j.ecolind.2019.01.079$2chorus
=024  7\$a10.1016/j.ecolind.2019.01.079$2doi
=035  \\$aagid:6344335-01nal_inst
=040  \\$aAGL$beng$cAGL
=100  1\$aBai, Yang$eauthor$uDepartment of Forestry and Natural Resources, University of Kentucky, 730 Rose St. Lexington, KY 40546, USA; Center for Integrative Conservation, Xishuangbanna Tropical Botanical Garden, Chinese Academy of Sciences, Menglun 666303, China
=245  10$aImpact of land use and climate change on water-related ecosystem services in Kentucky, USA
=300  \\$ap. 51-64.
=506  \\$aResource is Open Access$uhttp://purl.org/eprint/accessRights/OpenAccess
=506  \\$aCHORUS License Information
=520  \\$aPolicy-makers are interested in knowing the relative importance and combined effects of land use and climate change on ecosystem services. However, knowledge of how to identify these relationships is still lacking. This study aims to provide a comprehensive assessment of water-related ecosystem services and to improve understanding of how they are impacted by land use and climate change in Kentucky, USA. By using InVEST models and environmental setting scenarios, this study first quantifies water-related ecosystem services in a spatially explicit manner. The effects of land use and climate change on these ecosystem services are assessed using two indicators developed in this study. The results show that at the state scale, climate change has a greater impact than land use on water retention, but land use change has a greater impact on soil retention, nitrogen export, and phosphorus export. Climate and land use change have a significant inhibitory effect on water retention, nitrogen export, and phosphorus export. The relative importance and combined influences of land use and climate change also depend on the scale and landscape composition. Unraveling the drivers of ecosystem services in the context of global change can provide critical knowledge for developing practical policy and land management applications.
=592  \\$aPublisher supplied data
=593  \\$aPubAg article
=596  \\$cNational Institute of Food and Agriculture$dhttps://doi.org/10.13039/100005825
=506  0\$fUnrestricted online access$2star
=650  \3$aclimate
=650  \3$aclimate change
=650  \3$aecosystem services
=650  \3$aenvironmental indicators
=650  \3$aissues and policy
=650  \3$aland use change
=650  \3$alandscapes
=650  \3$amodels
=650  \3$anitrogen
=650  \3$aphosphorus
=650  \3$asoil
=651  \3$aKentucky
=653  \0$aEcosystem service
=653  \0$aLand use
=653  \0$aClimate change
=653  \0$aInVEST
=653  \0$aKentucky
=700  1\$aOchuodho, Thomas O.$eauthor$uDepartment of Forestry and Natural Resources, University of Kentucky, 730 Rose St. Lexington, KY 40546, USA
=700  1\$aYang, Jian$eauthor$uDepartment of Forestry and Natural Resources, University of Kentucky, 730 Rose St. Lexington, KY 40546, USA$1https://orcid.org/0000-0002-2170-589X
=773  0\$tEcological indicators.$g2019 July, v. 102 p.51-64$dElsevier Ltd$wJournal:6196$x1470-160X$7nnas
=787  1\$oislandora_article_repository
=787  1\$oproduct_pubag
=787  1\$o(Journal)6196
=856  40$uhttps://dx.doi.org/10.1016/j.ecolind.2019.01.079$3Available from publisher's site
=856  40$uhttp://handle.nal.usda.gov/10113/6344335
=912  \\$aArticle
=914  \\$aJournal:6196$b1470-160X$c102$e51
=914  \\$fEcological indicators
=916  \\$aBatch:2190
=917  \\$aissued
=918  2\$aElsevier Consyn$eprovider$5DNAL
=935  \\$aIND606344335$9ExL
=949  \\$a2019-05-01
=953  \\$a/data/metadata/incoming/consyn/3582-00003-HEAD-ONLY-NEW CONSYN ISSNS.zip
=954  \\$afile:/data/metadata/staging/consyn/S1470160X19300974.xml
=955  \\$a/data/metadata/staging/consyn/
=961  \\$aUSDA
=962  \\$aUSDA Scientist Submission; eISSN 1872-7034
=962  \\$aMissing ISSN
=974  \\$aagid:6344335
=983  \\$a2019-04-10
=984  \\$a2022-09-06

