=LDR  04021nab a2200673 u 4500
=001  9916171536707426
=005  20221120171413.0
=008  180102e201109\\xx\|||||o|||||||||||eng||
=016  7\$aIND605875988$2DNAL
=024  7\$a10.1890/10-2246.1$2doi
=035  \\$aagid:5875988-01nal_inst
=040  \\$aAGL$beng$cAGL
=100  1\$aFord, Chelcy R.$eauthor$uUSDA Forest Service, Southern Research Station, Coweeta Hydrologic Lab, 3160 Coweeta Lab Road, Otto, North Carolina 28763 USA. crford@fs.fed.us
=245  10$aCan forest management be used to sustain water‐based ecosystem services in the face of climate change?
=300  \\$ap. 2049-2067.
=500  \\$aJOURNAL ARTICLE
=520  \\$aForested watersheds, an important provider of ecosystems services related to water supply, can have their structure, function, and resulting streamflow substantially altered by land use and land cover. Using a retrospective analysis and synthesis of long‐term climate and streamflow data (75 years) from six watersheds differing in management histories we explored whether streamflow responded differently to variation in annual temperature and extreme precipitation than unmanaged watersheds. We show significant increases in temperature and the frequency of extreme wet and dry years since the 1980s. Response models explained almost all streamflow variability (adjusted R² > 0.99). In all cases, changing land use altered streamflow. Observed watershed responses differed significantly in wet and dry extreme years in all but a stand managed as a coppice forest. Converting deciduous stands to pine altered the streamflow response to extreme annual precipitation the most; the apparent frequency of observed extreme wet years decreased on average by sevenfold. This increased soil water storage may reduce flood risk in wet years, but create conditions that could exacerbate drought. Forest management can potentially mitigate extreme annual precipitation associated with climate change; however, offsetting effects suggest the need for spatially explicit analyses of risk and vulnerability.
=592  \\$aPublisher supplied data
=593  \\$aPubAg article
=650  \3$aatmospheric precipitation
=650  \3$aclimate
=650  \3$aclimate change
=650  \3$acoppicing
=650  \3$adrought
=650  \3$aecosystem services
=650  \3$aforest management
=650  \3$aforested watersheds
=650  \3$aforests
=650  \3$aland use and land cover maps
=650  \3$amodels
=650  \3$aretrospective studies
=650  \3$arisk
=650  \3$asoil water
=650  \3$asoil water storage
=650  \3$astream flow
=650  \3$atemperature
=650  \3$awater supply
=700  1\$aLaseter, Stephanie H.$eauthor$uUSDA Forest Service, Southern Research Station, Coweeta Hydrologic Lab, 3160 Coweeta Lab Road, Otto, North Carolina 28763 USA
=700  1\$aSwank, Wayne T.$eauthor$uUSDA Forest Service, Southern Research Station, Coweeta Hydrologic Lab, 3160 Coweeta Lab Road, Otto, North Carolina 28763 USA
=700  1\$aVose, James M.$eauthor$uUSDA Forest Service, Southern Research Station, Coweeta Hydrologic Lab, 3160 Coweeta Lab Road, Otto, North Carolina 28763 USA
=773  0\$tEcological applications.$g2011 Sept., v. 21, no. 6 p.2049-2067$dEcological Society of America$wJournal:jnl47193$x1051-0761$7nnas
=787  1\$oislandora_article_repository
=787  1\$oproduct_pubag
=787  1\$o(Journal)jnl47193
=856  40$uhttp://dx.doi.org/10.1890/10-2246.1$3Available from publisher's site
=912  \\$aArticle
=914  \\$aJournal:jnl47193$b1051-0761$c21$d6$e2049
=914  \\$fEcological applications
=916  \\$aBatch:1910
=917  \\$aissued
=918  2\$aJohn Wiley & Sons, Inc$eprovider$5DNAL
=935  \\$aIND605875988$9ExL
=949  \\$a2018-02-28
=953  \\$a10510761_2011_21_6.xml
=961  \\$aUSDA/FS
=962  \\$aBatch:1910 reviewed on 2018-02-28T15:00:02Z
=974  \\$aagid:5875988
=983  \\$a2018-01-02
=984  \\$a2018-02-28

