=LDR  05055nab a2200733 u 4500
=001  9916171887107426
=005  20221207103531.0
=008  150316e20130819xx\|||||o|||||||||||eng||
=016  7\$aIND601216270$2DNAL
=024  7\$a10.1371/journal.pone.0071921$2doi
=024  7\$aPMC3747065$2pmcid
=024  7\$a23977180$2pmid
=035  \\$aagid:1216270-01nal_inst
=040  \\$aAGL$beng$cAGL
=100  1\$aPendall, Elise$eauthor$uDepartment of Botany and Program in Ecology, University of Wyoming, Laramie, Wyoming, United States of America
=245  10$aWarming Reduces Carbon Losses from Grassland Exposed to Elevated Atmospheric Carbon Dioxide
=246  3\$aCarbon Cycle Feedbacks to Climate Change
=506  \\$aResource is Open Access$uhttp://purl.org/eprint/accessRights/OpenAccess
=520  \\$aThe flux of carbon dioxide (CO 2) between terrestrial ecosystems and the atmosphere may ameliorate or exacerbate climate change, depending on the relative responses of ecosystem photosynthesis and respiration to warming temperatures, rising atmospheric CO 2 , and altered precipitation. The combined effect of these global change factors is especially uncertain because of their potential for interactions and indirectly mediated conditions such as soil moisture. Here, we present observations of CO 2 fluxes from a multi-factor experiment in semi-arid grassland that suggests a potentially strong climate - carbon cycle feedback under combined elevated [CO 2 ] and warming. Elevated [CO 2 ] alone, and in combination with warming, enhanced ecosystem respiration to a greater extent than photosynthesis, resulting in net C loss over four years. The effect of warming was to reduce respiration especially during years of below-average precipitation, by partially offsetting the effect of elevated [CO 2 ] on soil moisture and C cycling. Carbon losses were explained partly by stimulated decomposition of soil organic matter with elevated [CO 2 ]. The climate - carbon cycle feedback observed in this semiarid grassland was mediated by soil water content, which was reduced by warming and increased by elevated [CO 2 ]. Ecosystem models should incorporate direct and indirect effects of climate change on soil water content in order to accurately predict terrestrial feedbacks and long-term storage of C in soil.
=592  \\$aPublisher supplied data
=593  \\$aPubAg article
=506  0\$fUnrestricted online access$2star
=650  \3$acarbon
=650  \3$acarbon dioxide
=650  \3$acarbon dioxide enrichment
=650  \3$acarbon sequestration
=650  \3$aclimate change
=650  \3$aecosystem respiration
=650  \3$agrasslands
=650  \3$amodels
=650  \3$aphotosynthesis
=650  \3$asemiarid zones
=650  \3$asoil organic matter
=650  \3$asoil water
=650  \3$asoil water content
=650  \3$atemperature
=650  \3$aterrestrial ecosystems
=700  1\$aHeisler-White, Jana L.$eauthor$uUnited States Department of Agriculture - Agricultural Research Service, Rangeland Resources Research Unit and Northern Plains Area, Fort Collins, Colorado, United States of America
=700  1\$aWilliams, David G.$eauthor$uDepartments of Botany; Ecosystem Science and Management, and Program in Ecology, University of Wyoming, Laramie, Wyoming, United States of America
=700  1\$aDijkstra, Feike A.$eauthor$uUnited States Department of Agriculture - Agricultural Research Service, Rangeland Resources Research Unit and Northern Plains Area, Fort Collins, Colorado, United States of America
=700  1\$aCarrillo, Yolima$eauthor$uDepartment of Botany and Program in Ecology, University of Wyoming, Laramie, Wyoming, United States of America
=700  1\$aMorgan, Jack A.$eauthor$uUnited States Department of Agriculture - Agricultural Research Service, Rangeland Resources Research Unit and Northern Plains Area, Fort Collins, Colorado, United States of America
=700  1\$aLeCain, Daniel R.$eauthor$uUnited States Department of Agriculture - Agricultural Research Service, Rangeland Resources Research Unit and Northern Plains Area, Fort Collins, Colorado, United States of America
=700  1\$aBernacchi, Carl J.$eEditor$uUniversity of Illinois, United States of America
=773  0\$tPloS one.$g, v. 8, no. 8$dPublic Library of Science$x1932-6203$7nnas
=787  1\$oislandora_article_repository
=787  1\$oproduct_pubag
=787  1\$o(Journal)jnl4277198
=856  40$uhttp://dx.doi.org/10.1371/journal.pone.0071921$3Available from publisher's site
=912  \\$aArticle
=914  \\$aJournal:jnl4277198$b1932-6203$c8$d8
=914  \\$fPloS one
=916  \\$aBatch:1160
=917  \\$aissued
=918  2\$aPublic Library of Science$eprovider$5DNAL
=935  \\$aIND601216270$9ExL
=949  \\$a2020-03-06
=953  \\$aPLOS_XML.zip
=961  \\$aUSDA/ARS
=962  \\$aIncludes JATS article full-text content.
=962  \\$aBatch:1160 reviewed on 2016-01-06T15:00:02Z
=974  \\$aagid:1216270
=983  \\$a2015-03-16
=984  \\$a2020-03-06

