=LDR  06645nab a2200961 u 4500
=001  9916175122807426
=005  20221214230221.0
=008  170609e20170529xx\|||||o|||||||||||eng||
=016  7\$aIND605700696$2DNAL
=024  7\$a10113/5700696$2hdl
=024  7\$a340076$2aris
=024  7\$a10.3389/fenvs.2017.00023$2doi
=024  7\$a10.3389/fenvs.2017.00023$2chorus
=035  \\$aagid:5700696-01nal_inst
=040  \\$aAGL$beng$cAGL
=100  1\$aMaaz, Tai M.$eauthor$uDepartment of Crop and Soil Sciences, Washington State University, Pullman, WA, United States
=245  10$aImpact of Climate Change Adaptation Strategies on Winter Wheat and Cropping System Performance across Precipitation Gradients in the Inland Pacific Northwest, USA
=300  \\$ap. 1-2-.
=506  \\$aWorks produced by employees of the U.S. Government as part of their official duties are not copyrighted within the U.S. The content of this document is not copyrighted.
=520  \\$aEcological instability and low resource use efficiencies are concerns for the long-term productivity of conventional cereal monoculture systems, particularly those threatened by projected climate change. Crop intensification, diversification, reduced tillage, and variable N management are among strategies proposed to mitigate and adapt to climate shifts in the inland Pacific Northwest (iPNW). Our objectives were to assess these strategies across iPNW agroecological zones and time for their impacts on (1) winter wheat (WW) (Triticum aestivum L.) productivity, (2) crop sequence productivity, and (3) N fertilizer use efficiency. Region-wide analysis indicated that WW yields increased with increasing annual precipitation, prior to maximizing at 520 mm yr−1 and subsequently declining when annual precipitation was not adjusted for available soil water holding capacity. While fallow periods were effective at mitigating low nitrogen (N) fertilization efficiencies under low precipitation, efficiencies declined as annual precipitation exceeded 500 mm yr−1. Variability in the response of WW yields to annual precipitation and N fertilization among locations and within sites supports precision N management implementation across the region. In years receiving <350 mm precipitation yr−1, WW yields declined when preceded by crops rather than summer fallow. Nevertheless, WW yields were greater when preceded by pulses and oilseeds rather than wheat across a range of yield potentials, and when under conservation tillage practices at low yield potentials. Despite the yield penalty associated with eliminating fallow prior to WW, cropping system level productivity was not affected by intensification, diversification, or conservation tillage. However, increased fertilizer N inputs, lower fertilizer N use efficiencies, and more yield variance may offset and limit the economic feasibility of intensified and diversified cropping systems.
=593  \\$aPubAg article
=593  \\$cUSDA submission
=595  \\$a1361$bksichelman$c2017-07-18$dmanager-lgarner$e2017-07-18
=596  \\$cUSDA$dhttps://doi.org/10.13039/100000199
=593  \\$eARIS manuscript
=650  \3$aTriticum aestivum
=650  \3$aagroecological zones
=650  \3$aatmospheric precipitation
=650  \3$aclimate
=650  \3$aclimate change
=650  \3$aconservation tillage
=650  \3$acrop production
=650  \3$acropping sequence
=650  \3$acrops
=650  \3$aeconomic feasibility
=650  \3$aenvironmental science
=650  \3$afallow
=650  \3$afertilizer application
=650  \3$afertilizer use reduction
=650  \3$anitrogen
=650  \3$anitrogen fertilizers
=650  \3$anutrient use efficiency
=650  \3$aoilseeds
=650  \3$aplant available water
=650  \3$asoil water retention
=650  \3$asummer
=650  \3$avariance
=650  \3$awinter wheat
=651  \3$aPacific States
=700  1\$aSchillinger, William F.$eauthor$uDepartment of Crop and Soil Sciences, Lind Dryland Research Station, Washington State University, Lind, WA, United States
=700  1\$aMachado, Stephen$eauthor$uColumbia Basin Agricultural Research Center, Adams, OR, United States
=700  1\$aBrooks, Erin$eauthor$uBiological Engineering, University of Idaho, Moscow, ID, United States
=700  1\$aJohnson-Maynard, Jodi L.$eauthor$uDepartment of Plant, Soil and Entomological Sciences, University of Idaho, Moscow, ID, United States
=700  1\$aYoung, Lauren E.$eauthor$uWashington State Crop Improvement Association, Pullman, WA, United States
=700  1\$aYoung, Frank L.$eauthor$uNorthwest Sustainable Agroecosystems Research (USDA ARS), Pullman, WA, United States
=700  1\$aLeslie, Ian$eauthor$uNorthwest Sustainable Agroecosystems Research (USDA ARS), Pullman, WA, United States
=700  1\$aGlover, Ayana$eauthor$uBiological Engineering, University of Idaho, Moscow, ID, United States
=700  1\$aMadsen, Isaac J.$eauthor$uDepartment of Crop and Soil Sciences, Washington State University, Pullman, WA, United States
=700  1\$aEsser, Aaron$eauthor$uDepartment of Crop and Soil Sciences, Lind Research Station, Washington State University Extension, Ritzville, WA, United States
=700  1\$aCollins, Harold P.$eauthor$uGrassland, Soil and Water Research Laboratory (USDA ARS), Temple, TX, United States
=700  1\$aPan, William L.$eauthor$uDepartment of Crop and Soil Sciences, Washington State University, Pullman, WA, United States
=773  0\$tFrontiers in Environmental Science.$g2017 May, v. 5, no. 23 p.1-2-$wJournal:26719$x2296-665X$7nnas
=787  1\$oislandora_article_repository
=787  1\$oproduct_pubag
=787  1\$o(Journal)26719
=856  40$uhttps://handle.nal.usda.gov/10113/5700696$3Available in the National Agricultural Library PubAg search system
=856  40$uhttp://dx.doi.org/10.3389/fenvs.2017.00023$3Available from publisher's site
=912  \\$aArticle
=914  \\$aJournal:26719$b2296-665X$c5$d23$e1
=914  \\$fFrontiers in Environmental Science
=916  \\$aBatch:1770
=917  \\$aissued
=935  \\$aIND605700696$9ExL
=949  \\$a2020-03-06
=956  \\$aARIS submission$bhttps://submit.nal.usda.gov/system/files/submissions/fenvs-05-00023%20%281%29.pdf
=961  \\$aUSDA
=962  \\$aUSDA Scientist Submission, eISSN 2296-665x
=962  \\$aBatch:1770 reviewed on 2017-07-24T04:00:03Z
=974  \\$aagid:5700696
=983  \\$a2017-06-09
=984  \\$a2020-03-06
=985  \\$aUSDA submission converted from Drupal to MODS version 3.4 using submission2mods.xsl (Revision 1.002 2014/01/28)
=986  \\$ans12586

