=LDR  04239nab a2200913 u 4500
=001  9916175744207426
=005  20221123024712.0
=008  090228e200903\\xx\|||||o|||||||||||eng||
=016  7\$aIND44168484$2DNAL
=024  7\$a10.1111/j.1095-8312.2008.01145.x$2doi
=024  7\$a10113/27866$2hdl
=035  \\$aagid:27866-01nal_inst
=040  \\$aAGL$beng$cAGL
=072  \0$aL822
=100  1\$aKOEHLER, ANSON V.A.
=245  10$aPhylogeography of a Holarctic nematode, Soboliphyme baturini, among mustelids: climate change, episodic colonization, and diversification in a complex host-parasite system
=300  \\$ap. 651-663.
=500  \\$aIncludes references
=500  \\$a2019-12-05
=520  \\$aPhylogeography of Soboliphyme baturini, a nematode parasite in mustelids, is explored across Beringia. Sequences of the mitochondrial cytochrome c oxidase subunit I and nicotinamide adenine dinucleotide dehydrogenase subunit 4 genes were evaluated from 37 S. baturini, representing 19 localities throughout Alaska, Canada, and Siberia. A total of 30 haplotypes was recovered and maximum parsimony and Bayesian phylogenetic analyses support the recognition of a single species with a distribution extending from the Palearctic to the Nearctic. Within S. baturini, a host-specific partition in North America between Martes caurina and Martes americana was not identified. Instead, substantial geographic structure within S. baturini relates to the dynamic geological history of this northern region and especially the North Pacific Coast. Beringia and other coastal refugia along the western margin of North America played a large role during stadial maxima in the persistence and divergence of the parasite. Repeated events for biotic expansion and geographic colonization across the Bering Land Bridge and the Holarctic during glacial maxima in the Pleistocene appear to have facilitated at least two episodes of host-switching of this nematode among mustelids in populations now distributed in eastern Beringia.
=593  \\$aPubAg article
=593  \\$cUSDA submission
=650  \3$ageographical distribution
=650  \3$asequence analysis
=650  \3$ahaplotypes
=650  \3$amitochondrial DNA
=650  \3$ahost-parasite relationships
=650  \3$agenetic variation
=650  \3$aphylogeny
=650  \3$aclimate change
=650  \3$aanimal parasitic nematodes
=650  \3$aMartes americana
=650  \3$acytochrome-c oxidase
=650  \3$aNematoda
=650  \3$ageology
=650  \3$abiogeography
=651  \3$aCanada
=651  \3$aSiberia
=651  \3$aBering Sea
=651  \3$aAlaska
=653  \0$aBering Land Bridge
=653  \0$aBeringia
=653  \0$aBeringia (Bering Strait)
=653  \0$aND4 gene
=653  \0$aCOI gene
=653  \0$aMartes caurina
=653  \0$aMustelidae
=653  \0$aCOI
=653  \0$aND4
=653  \0$aMartes
=700  1\$aHOBERG, ERIC P.
=700  1\$aDOKUCHAEV, NIKOLAI E.
=700  1\$aTRANBENKOVA, NINA A.
=700  1\$aWHITMAN, JACKSON S.
=700  1\$aNAGORSEN, DAVID W.
=700  1\$aCOOK, JOSEPH A.
=773  0\$tBiological journal of the Linnean Society.$g2009 Mar., v.  96, no.  3 p.651-663$dBlackwell Publishing Ltd$x0024-4066$7nnas
=787  1\$oproduct_pubag
=787  1\$oislandora_article_repository
=787  1\$oislandora_pubag_with_text
=787  1\$o(Journal)jnl1847
=852  \\$aDNAL
=856  40$uhttps://handle.nal.usda.gov/10113/27866$3Available in the National Agricultural Library PubAg search system
=856  40$uhttp://dx.doi.org/10.1111/j.1095-8312.2008.01145.x$3Available from publisher's Web site
=912  \\$aArticle
=914  \\$aJournal:jnl1847$b0024-4066$c96$d3$e651
=914  \\$fBiological journal of the Linnean Society
=917  \\$aissued
=930  \\$a20090409$b20090508$c00000000
=935  \\$aIND44168484$9ExL
=945  \\$aIND$dNZM$e2009/04/08
=946  \\$aNon-US
=949  \\$a2016-09-13
=952  \\$a20090409 20090508 00000000$bIND NZM 2009/04/08
=961  \\$aUSDA/ARS
=974  \\$aagid:27866
=984  \\$a2009-05-22
=985  \\$aConverted from MARCXML to MODS version 3.4 using MARC21slim2MODS3-4.xsl (Revision 1.95 2014/04/23)
=986  \\$a4168484

