=LDR  02899nab a2200589 u 4500
=001  9916181045107426
=005  20221214230219.0
=008  220311e20200515xx\|||||o|||||||||||eng||
=016  7\$aIND607698576$2DNAL
=024  7\$a10113/7698576$2hdl
=024  7\$a369116$2aris
=024  7\$a10.1038/s41598-020-65094-x$2doi
=024  7\$a435564$2aris_accn_no
=024  7\$a3050-11210-009-00D$2aris_project_no
=024  7\$a369116$2seq_no_115
=035  \\$aagid:7698576-01nal_inst
=040  \\$aAGL$beng$cAGL
=100  1\$aSxhreiner-Mcgraw, Adam P.$eauthor
=245  10$aWoody plant encroachment has a larger impact than climate change on dryland water budgets
=520  \\$aWoody plant encroachment (WPE) into grasslands is a global phenomenon that is associated with land degradation via xerifcation, which replaces grasses with shrubs and bare soil patches. It remains uncertain how the global processes of WPE and climate change may combine to impact water availability for ecosystems. Using a process-based model constrained by watershed observations, our results suggest that both xerifcation and climate change augment groundwater recharge by increasing channel transmission losses at the expense of plant available water. Conversion from grasslands to shrublands without creating additional bare soil, however, reduces transmission losses. Model simulations considering both WPE and climate change are used to assess their relative roles in a late 21st century condition. Results indicate that changes in focused channel recharge are determined primarily by the WPE pathway. As a result, WPE should be given consideration when assessing the vulnerability of groundwater aquifers to climate change.
=593  \\$aPubAg article
=595  \\$a863$balice.allen$c2022-05-11$damanda.xu$e2022-05-18
=593  \\$eARIS manuscript
=650  \3$aarid lands
=650  \3$aclimate change
=650  \3$agroundwater
=650  \3$agroundwater recharge
=650  \3$aland degradation
=650  \3$aplant available water
=650  \3$ashrublands
=650  \3$awatersheds
=650  \3$awoody plants
=700  1\$aVivoni, Enrique R.$eauthor
=700  1\$aAjami, Hoori$eauthor
=700  1\$aSala, Osvaldo E.$eauthor
=700  1\$aThroop, Heather L.$eauthor
=700  1\$aPeters, P.C.$eauthor$1https://orcid.org/0000-0002-5842-8099
=773  0\$tScientific reports.$g2020 May 15, v. 10, no. 1 p.8112-$x2045-2322$7nnas
=787  1\$oislandora_article_repository
=787  1\$oproduct_pubag
=856  40$uhttp://dx.doi.org/10.1038/s41598-020-65094-x$3Available from publisher's Web site
=912  \\$aArticle
=914  \\$fScientific reports
=917  \\$aissued
=935  \\$aIND607698576$9ExL
=949  \\$a2022-03-11
=952  \\$dNAL-AP-2-clean
=961  \\$bUSDA
=962  \\$aARIS Manuscript
=974  \\$aagid:7698576
=983  \\$a2022-03-11
=984  \\$a2022-05-11

