=LDR  03471nab a2200625 u 4500
=001  9916184232107426
=005  20221120110459.0
=008  151124e201501\\xx\|||||o|||||||||||eng||
=016  7\$aIND601291475$2DNAL
=024  7\$a10.3375/043.035.0110$2doi
=035  \\$aagid:1291475-01nal_inst
=040  \\$aAGL$beng$cAGL
=100  1\$aKilkenny, Francis F.$eauthor$uUSDA Forest Service Rocky Mountain Research Station Boise, ID 83702
=245  10$aGenecological Approaches to Predicting the Effects of Climate Change on Plant Populations
=300  \\$ap. 152-164.
=520  \\$aClimate change threatens native plant populations and plant communities globally. It is critical that land managers have a clear understanding of climate change impacts on plant species and populations so that restoration efforts can be adjusted accordingly. This paper reviews the development and use of seed transfer guidelines for restoration in the face of global climate change, with an emphasis on the role of common garden studies in predicting climate change impacts. A method is presented for using genecological common garden data to assess population vulnerability to changing environmental conditions that includes delineation of geographical regions where habitats are likely to become marginal, assessment of shifting climatic selection pressures on plant traits, and identification of source material that is likely to be adapted to changing conditions. This method is illustrated using a genecological dataset for bluebunch wheatgrass (Pseudoroegneria spicata). The demonstration indicates that bluebunch populations will be vulnerable to extirpation in areas of their current range, that selection pressures will increase on a trait important to climatic adaptation, and that promising seed sources exist that may be able to persist under novel conditions. Additional avenues for expansion of the presented methods are discussed, and the use of common garden data for management in the context of evolution and changing climates is considered.
=592  \\$aPublisher supplied data
=593  \\$aPubAg article
=650  \3$aPseudoroegneria spicata
=650  \3$aat-risk population
=650  \3$aclimate change
=650  \3$adata collection
=650  \3$aenvironmental factors
=650  \3$aevolution
=650  \3$aguidelines
=650  \3$ahabitats
=650  \3$aindigenous species
=650  \3$ainformation management
=650  \3$amanagers
=650  \3$aplant communities
=650  \3$aprediction
=653  \0$aassisted migration
=653  \0$acommon garden studies
=653  \0$anatural selection
=653  \0$arestoration
=653  \0$aseed transfer guidelines
=773  0\$tNatural areas journal.$g2015 Jan., v. 35, no. 1 p.152-164$dNatural Areas Association$x0885-8608$7nnas
=787  1\$oislandora_article_repository
=787  1\$oproduct_pubag
=787  1\$o(Journal)jnl4078689
=856  40$uhttp://dx.doi.org/10.3375%2F043.035.0110$3Available from publisher's site
=912  \\$aArticle
=914  \\$aJournal:jnl4078689$b0885-8608$c35$d1$e152
=914  \\$fNatural areas journal
=916  \\$aBatch:1392
=917  \\$aissued
=918  2\$aBioOne$eprovider$5DNAL
=935  \\$aIND601291475$9ExL
=949  \\$a2016-08-09
=953  \\$aNAARv35i1-01270053-427682.zip
=961  \\$aUSDA/FS
=962  \\$aBatch:1392 reviewed on 2016-08-09T04:00:03Z
=974  \\$aagid:1291475
=983  \\$a2015-11-24
=984  \\$a2016-08-09

