=LDR  02206nab a2200541 u 4500
=001  9916185403307426
=005  20221123020000.0
=008  110118|xx\|||||||||||||||||eng||
=016  7\$aIND44475610$2DNAL
=024  7\$a10113/47532$2hdl
=035  \\$aagid:47532-01nal_inst
=040  \\$aAGL$beng$cAGL
=072  \0$aA500
=072  \0$aB200
=072  \0$aP200
=100  1\$aGoodrich, David C.
=245  13$aAn overview of the USDA-ARS climate change and hydrology program and analysis of model complexity as a function of basin scale
=500  \\$aIncludes references
=593  \\$aPubAg article
=594  \\$aEmbargoed article
=650  \3$aAgricultural Research Service
=650  \3$aclimate change
=650  \3$awatershed hydrology
=650  \3$agovernmental programs and projects
=650  \3$ahydrologic models
=650  \3$arunoff
=650  \3$ainfiltration (hydrology)
=650  \3$aarid lands
=651  \3$aArizona
=773  0\$tProceedings of the Workshop on the Effects of Global Climate Change on Hydrology and Water Resources at the Catchment Scale, February 3-6, 1992, Tsukuba, Japan / Japan-U.S. Committee on Hydrology, Water Resources, and Global Climate Change (JUCHWR).$dThe Committee, [1992.]$7nnas
=787  1\$oproduct_pubag
=787  1\$oislandora_article_repository
=856  40$uhttps://handle.nal.usda.gov/10113/47532$3Available in the National Agricultural Library PubAg search system
=912  \\$aArticle
=914  \\$fProceedings of the Workshop on the Effects of Global Climate Change on Hydrology and Water Resources at the Catchment Scale, February 3-6, 1992, Tsukuba, Japan / Japan-U.S. Committee on Hydrology, Water Resources, and Global Climate Change (JUCHWR)
=917  \\$aissued
=930  \\$a20110205$b20110305$c00000000
=935  \\$aIND44475610$9ExL
=945  \\$aIND$dGAY$e2011/02/03
=946  \\$aNon-US
=949  \\$a2014-07-17
=952  \\$a20110205 20110305 00000000$bIND GAY 2011/02/03
=961  \\$aUSDA/ARS
=974  \\$aagid:47532
=979  \\$aMissing Issue date
=984  \\$a2011-03-05
=985  \\$aConverted from MARCXML to MODS version 3.4 using MARC21slim2MODS3-4.xsl (Revision 1.95 2014/04/23)
=986  \\$a4475610

