=LDR  04088nab a2200745 u 4500
=001  9915857091907426
=005  20221214225313.0
=008  140509e201210\\xx\|||||o|||||||||||eng||
=016  7\$aIND500894447$2DNAL
=024  7\$a270813$2aris
=024  7\$a10113/58769$2hdl
=024  7\$a10.1038/NCLIMATE1573$2doi
=035  \\$aagid:58769-01nal_inst
=040  \\$aAGL$beng$cAGL
=100  1\$aFay, Philip A.$eauthor
=245  10$aSoil-mediated effects of subambient to increased carbon dioxide on grassland productivity
=300  \\$ap. 742-746.
=506  \\$aWorks produced by employees of the U.S. Government as part of their official duties are not copyrighted within the U.S. The content of this document is not copyrighted.
=520  \\$aGrasslands are structured by climate and soils1,2, and are increasingly affected by anthropogenic changes, including rising atmospheric CO2 concentrations3,4. CO2 enrichment can alter grassland ecosystem function both directly and through indirect, soil-specific effects on moisture, nitrogen availability and plant species composition5-8, potentially leading to threshold change in ecosystem properties9. Here we show that the increase in aboveground net primary productivity (ANPP) with CO2 enrichment depends strongly on soil type. We found that the ANPP-CO2 response of grassland was 2:5x greater on two soils with higher plant-available soil moisture and where direct CO2 effects on ANPP were accompanied by indirect CO2 effects on ANPP mediated through an increase in soil moisture or increased dominance of a productive C4 grass. Indirect CO2 effects on ANPP were absent on a third soil that was less responsive to CO2 (1:6). Unexpectedly6,10, soil N availability changed little with CO2 and did not seem to drive responses in ANPP. On the more responsive soils, the more productive grass C4 was favoured with CO2 enrichment because of greater photosynthetic efficiency. Our results enhance present models of the controls on ecosystem responses to CO2 (refs 7,8,11) and demonstrate mechanisms by which soils could cause spatial variation in CO2 effects on ANPP and other ecosystem attributes. Several mechanisms
=593  \\$aPubAg article
=593  \\$cUSDA submission
=593  \\$eARIS manuscript
=650  \3$aC4 plants
=650  \3$acarbon dioxide
=650  \3$acarbon dioxide enrichment
=650  \3$aecosystems
=650  \3$agrasses
=650  \3$agrassland soils
=650  \3$agrasslands
=650  \3$anitrogen
=650  \3$anutrient availability
=650  \3$aphotosynthesis
=650  \3$aprimary productivity
=650  \3$asoil fertility
=650  \3$asoil water
=700  1\$aJin, Virginia L.$eauthor
=700  1\$aWay, Danielle A.$eauthor
=700  1\$aPotter, Kenneth N.$eauthor
=700  1\$aGill, Richard A.$eauthor
=700  1\$aJackson, Robert B.$eauthor
=700  1\$aPolley, H. Wayne$eauthor
=773  0\$tNature climate change.$g2012 Oct., v. 2 p.742-746$dNature Publishing Group$wJournal:27227$x1758-6798$7nnas
=787  1\$oislandora_article_repository
=787  1\$oproduct_pubag
=787  1\$oislandora_pubag_with_text
=787  1\$o(Journal)27227
=856  40$uhttps://handle.nal.usda.gov/10113/58769$3Available in the National Agricultural Library PubAg search system
=856  40$uhttp://dx.doi.org/10.1038/NCLIMATE1573
=912  \\$aArticle
=914  \\$aJournal:27227$c2$e742
=914  \\$fNature climate change
=917  \\$aissued
=935  \\$aIND500894447$9ExL
=949  \\$a2021-06-22
=956  \\$aARIS submission$bhttp://submit-u.nal.usda.gov/system/files/submissions/270813.pdf
=961  \\$aUSDA
=962  \\$aUSDA Scientist Submission
=962  \\$aBatch:547 annotated on 2014-05-13T13:20:37Z
=962  \\$aBatch:547 reviewed on 2014-05-29T16:00:02Z
=962  \\$aBatch:547 reviewed on 2014-05-30T04:00:02Z
=974  \\$aagid:58769
=983  \\$a2014-05-09
=984  \\$a2020-10-06
=985  \\$aUSDA submission converted from Drupal to MODS version 3.4 using submission2mods.xsl (Revision 1.002 2014/01/28)
=986  \\$ans4455

