=LDR  05143nab a2200685 u 4500
=001  9915857092307426
=005  20221119091640.0
=008  220410e202001\\xx\|||||o|||||||||||eng||
=016  7\$aIND607727968$2DNAL
=024  7\$a10.1029/2019WR025614$2doi
=035  \\$aagid:7727968-01nal_inst
=040  \\$aAGL$beng$cAGL
=100  1\$aGorelick, D. E.$eauthor$uCenter on Financial Risk in Environmental Systems, Department of Environmental Sciences and Engineering, Gillings School of Global Public Health, University of North Carolina at Chapel Hill, Chapel Hill, NC, USA
=245  10$aAccounting for Adaptive Water Supply Management When Quantifying Climate and Land Cover Change Vulnerability
=500  \\$aJOURNAL ARTICLE
=520  \\$aClimate and land cover change strongly shape water resources management, but understanding their joint impacts is extremely challenging. Consequently, there is limited research of their integrated effects on water supply systems, and even fewer studies that rigorously account for infrastructure investment and management interventions. We utilize ecohydrologic modeling to generate watershed outflows under scenarios of climate and land cover change, which in turn drive modeled water utility‐level decision making for the Research Triangle region of North Carolina. In the Triangle region, land cover and climate change are both likely to increase water supply availability (reservoir inflows) individually and in tandem. However, improvements from water supply increases are not uniform across management system performance indicators of reliability, conservation implementation frequency (i.e., water use restrictions), and infrastructure investment. Utility decisions influence the impact of hydrologic change through both short‐term (e.g., use restrictions and water transfers) and longer‐term infrastructure investment actions, in some cases offsetting the beneficial effects of additional water supply. Timing and sequencing of infrastructure development are strongly sensitive to climate and land use change as captured by their impacts on utility performance outcomes. This work underscores the need to consider adaptive management system responses and decision‐relevant performance measures when determining the impacts of hydrologic change on water availability.
=592  \\$aPublisher supplied data
=593  \\$aPubAg article
=596  \\$a1360442$cNational Science Foundation
=650  \3$aadaptive management
=650  \3$aclimate
=650  \3$aclimate change
=650  \3$ainfrastructure
=650  \3$aland cover
=650  \3$aland use change
=650  \3$amanagement systems
=650  \3$aresearch
=650  \3$awater
=650  \3$awater supply
=650  \3$awatersheds
=651  \3$aNorth Carolina
=700  1\$aLin, L.$eauthor$uInstitute for the Environment, University of North Carolina at Chapel Hill, Chapel Hill, NC, USA
=700  1\$aZeff, H. B.$eauthor$uCenter on Financial Risk in Environmental Systems, Department of Environmental Sciences and Engineering, Gillings School of Global Public Health, University of North Carolina at Chapel Hill, Chapel Hill, NC, USA
=700  1\$aKim, Y.$eauthor$uInstitute for the Environment, University of North Carolina at Chapel Hill, Chapel Hill, NC, USA
=700  1\$aVose, J. M.$eauthor$uCenter for Integrated Forest Science, USDA Forest Service Southern Research Station, Asheville, NC, USA
=700  1\$aCoulston, J. W.$eauthor$uForest Inventory and Analysis Program, USDA Forest Service Southern Research Station, Asheville, NC, USA
=700  1\$aWear, D. N.$eauthor$uCenter for Integrated Forest Science, USDA Forest Service Southern Research Station, Asheville, NC, USA
=700  1\$aBand, L. E.$eauthor$uDepartment of Environmental Sciences, University of Virginia, Charlottesville, VA, USA
=700  1\$aReed, P. M.$eauthor$uDepartment of Civil and Environmental Engineering, Cornell University, Ithaca, NY, USA
=700  1\$aCharacklis, G. W.$eauthor$uCenter on Financial Risk in Environmental Systems, Department of Environmental Sciences and Engineering, Gillings School of Global Public Health, University of North Carolina at Chapel Hill, Chapel Hill, NC, USA
=773  0\$tWater resources research.$g2020 Jan., v. 56, no. 1 p.e2019WR025614-$dJohn Wiley & Sons, Ltd$wJournal:jnl46306$x0043-1397$7nnas
=787  1\$oislandora_article_repository
=787  1\$oproduct_pubag
=787  1\$o(Journal)jnl46306
=856  40$uhttps://dx.doi.org/10.1029/2019WR025614$3Available from publisher's site
=912  \\$aArticle
=914  \\$aJournal:jnl46306$b0043-1397$c56$d1$ee2019WR025614
=914  \\$fWater resources research
=917  \\$aissued
=918  2\$aJohn Wiley & Sons, Inc$eprovider$5DNAL
=935  \\$aIND607727968$9ExL
=949  \\$a2022-04-10
=952  \\$dNAL-AP-2-clean
=953  \\$a/data/metadata/incoming/wiley/00431397_2020_56_1.xml
=954  \\$afile:/data/metadata/staging/wiley/00431397_2020_56_1.xml
=955  \\$a/data/metadata/staging/wiley/
=961  \\$aUSDA/FS
=974  \\$aagid:7727968
=983  \\$a2022-04-10
=984  \\$a2022-04-10

