=LDR  05002nab a2200829 u 4500
=001  9915857092407426
=005  20221214225314.0
=008  210513e201309\\xx\|||||o|||||||||||eng||
=016  7\$aIND500894449$2DNAL
=024  7\$a289741$2aris
=024  7\$a10113/58768$2hdl
=024  7\$a10.1111/nph.12339$2doi
=024  8\$ans4457
=035  \\$aagid:58768-01nal_inst
=040  \\$aAGL$beng$cAGL
=100  1\$aRico, Christopher$eauthor$uDepartment of Ecology and Evolutionary Biology, University of California, Santa Cruz, CA, 95064, USA
=245  14$aThe effect of subambient to elevated atmospheric CO2 concentration on vascular function in Helianthus annuus: implications for plant response to climate change
=300  \\$ap. 956-965.
=500  \\$aJOURNAL ARTICLE
=506  \\$aWorks produced by employees of the U.S. Government as part of their official duties are not copyrighted within the U.S. The content of this document is not copyrighted.
=520  \\$aPlant gas exchange is regulated by stomata, which coordinate leaf‐level water loss with xylem transport. Stomatal opening responds to internal concentrations of CO₂ in the leaf, but changing CO₂ can also lead to changes in stomatal density that influence transpiration. Given that stomatal conductance increases under subambient concentrations of CO₂ and, conversely, that plants lose less water at elevated concentrations, can downstream effects of atmospheric CO₂ be observed in xylem tissue? We approached this problem by evaluating leaf stomatal density, xylem transport, xylem anatomy and resistance to cavitation in Helianthus annuus plants grown under three CO₂ regimes ranging from pre‐industrial to elevated concentrations. Xylem transport, conduit size and stomatal density all increased at 290 ppm relative to ambient and elevated CO₂ concentrations. The shoots of the 290‐ppm‐grown plants were most vulnerable to cavitation, whereas xylem cavitation resistance did not differ in 390‐ and 480‐ppm‐grown plants. Our data indicate that, even as an indirect driver of water loss, CO₂ can affect xylem structure and water transport by coupling stomatal and xylem hydraulic functions during plant development. This plastic response has implications for plant water use under variable concentrations of CO₂, as well as the evolution of efficient xylem transport.
=592  \\$aPublisher supplied data
=593  \\$aPubAg article
=593  \\$cUSDA submission
=596  \\$aIOS‐1027410$cNSF
=593  \\$eARIS manuscript
=650  \3$astomatal movement
=650  \3$acarbon dioxide
=650  \3$aplant development
=650  \3$aHelianthus annuus
=650  \3$astomatal conductance
=650  \3$aevolution
=650  \3$acarbon dioxide enrichment
=650  \3$agas exchange
=650  \3$atranslocation (plant physiology)
=650  \3$aclimate change
=650  \3$aplant response
=650  \3$astomata
=650  \3$axylem
=650  \3$ashoots
=700  1\$aPittermann, Jarmila$eauthor$uDepartment of Ecology and Evolutionary Biology, University of California, Santa Cruz, CA, 95064, USA
=700  1\$aPolley, H. Wayne$eauthor$uUnited States Department of Agriculture, Grassland Soil and Water Research Laboratory, 808 E. Blackland Rd, Temple, TX, 76502, USA
=700  1\$aAspinwall, Michael J.$eauthor$uHawkesbury Institute for the Environment, University of Western Sydney, Richmond, NSW, 2753, Australia
=700  1\$aFay, Phillip A.$eauthor$uUnited States Department of Agriculture, Grassland Soil and Water Research Laboratory, 808 E. Blackland Rd, Temple, TX, 76502, USA
=773  0\$tThe new phytologist.$g2013 Sept., v. 199, no. 4 p.956-965$dJohn Wiley & Sons, Ltd$wJournal:jnl44665$x1469-8137$7nnas
=787  1\$oislandora_article_repository
=787  1\$oproduct_pubag
=787  1\$oislandora_pubag_with_text
=787  1\$o(Journal)jnl44665
=856  40$uhttps://handle.nal.usda.gov/10113/58768$3Available in the National Agricultural Library PubAg search system
=856  40$uhttps://dx.doi.org/10.1111/nph.12339$3Available from publisher's site
=912  \\$aArticle
=914  \\$aJournal:jnl44665$c199$e956
=914  \\$fThe new phytologist
=917  \\$aissued
=918  2\$aJohn Wiley & Sons, Inc$eprovider$5DNAL
=935  \\$aIND500894449$9ExL
=949  \\$a2014-05-30
=953  \\$a/data/metadata/incoming/wiley/0028646X_2013_199_4.xml
=954  \\$afile:/data/metadata/staging/wiley/0028646X_2013_199_4.xml
=955  \\$a/data/metadata/staging/wiley/
=956  \\$aARIS submission$bhttp://submit-u.nal.usda.gov/system/files/submissions/289741.pdf
=961  \\$aUSDA/RD
=962  \\$aUSDA Scientist Submission
=962  \\$aMissing ISSN
=962  \\$aBatch:547 annotated on 2014-05-13T13:20:37Z
=962  \\$aBatch:547 reviewed on 2014-05-29T16:00:02Z
=962  \\$aBatch:547 reviewed on 2014-05-30T04:00:02Z
=974  \\$aagid:58768
=983  \\$a2021-05-13
=984  \\$a2021-05-13
=986  \\$ans4457

