=LDR  05210nab a2200829 u 4500
=001  9915857712907426
=005  20221215143334.0
=008  220901e20190326xx\|||||o|||||||||||eng||
=016  7\$aIND607344695$2DNAL
=024  7\$a10113/7344695$2hdl
=024  7\$a10.1073/pnas.1815107116$2doi
=024  7\$a10.1073/pnas.1815107116$2chorus
=035  \\$aagid:7344695-01nal_inst
=040  \\$aAGL$beng$cAGL
=100  1\$aDavis, Kimberley T.$eauthor$uDepartment of Ecosystem and Conservation Sciences, University of Montana, USA
=245  10$aWildfires and climate change push low-elevation forests across a critical climate threshold for tree regeneration
=300  \\$ap. 6193-6198.
=506  \\$aResource is Open Access$uhttp://purl.org/eprint/accessRights/OpenAccess
=506  \\$aCHORUS License Information
=520  \\$aClimate change is increasing fire activity in the western United States, which has the potential to accelerate climate-induced shifts in vegetation communities. Wildfire can catalyze vegetation change by killing adult trees that could otherwise persist in climate conditions no longer suitable for seedling establishment and survival. Recently documented declines in postfire conifer recruitment in the western United States may be an example of this phenomenon. However, the role of annual climate variation and its interaction with long-term climate trends in driving these changes is poorly resolved. Here we examine the relationship between annual climate and postfire tree regeneration of two dominant, low-elevation conifers (ponderosa pine and Douglas-fir) using annually resolved establishment dates from 2,935 destructively sampled trees from 33 wildfires across four regions in the western United States. We show that regeneration had a nonlinear response to annual climate conditions, with distinct thresholds for recruitment based on vapor pressure deficit, soil moisture, and maximum surface temperature. At dry sites across our study region, seasonal to annual climate conditions over the past 20 years have crossed these thresholds, such that conditions have become increasingly unsuitable for regeneration. High fire severity and low seed availability further reduced the probability of postfire regeneration. Together, our results demonstrate that climate change combined with high severity fire is leading to increasingly fewer opportunities for seedlings to establish after wildfires and may lead to ecosystem transitions in low-elevation ponderosa pine and Douglas-fir forests across the western United States.
=592  \\$aPublisher supplied data
=593  \\$aPubAg article
=596  \\$cJoint Fire Science Program
=596  \\$cNASA
=596  \\$cNSF
=596  \\$cNSF
=596  \\$cNSF
=596  \\$cUSDA | National Institute of Food and Agriculture
=506  0\$fUnrestricted online access$2star
=650  \3$aPinus ponderosa
=650  \3$aPseudotsuga menziesii
=650  \3$aadults
=650  \3$aclimate change
=650  \3$aclimatic factors
=650  \3$aconifers
=650  \3$aecosystems
=650  \3$afire severity
=650  \3$aplant establishment
=650  \3$aprobability
=650  \3$asoil water
=650  \3$asurface temperature
=650  \3$atrees
=650  \3$avapor pressure deficit
=650  \3$awildfires
=700  1\$aDobrowski, Solomon Z.$eauthor$uDepartment of Forest Management, University of Montana, USA
=700  1\$aHiguera, Philip E.$eauthor$uDepartment of Ecosystem and Conservation Sciences, University of Montana, USA
=700  1\$aHolden, Zachary A.$eauthor$uUS Forest Service Region 1, USA
=700  1\$aVeblen, Thomas T.$eauthor$uDepartment of Geography, University of Colorado, USA
=700  1\$aRother, Monica T.$eauthor$uDepartment of Geography, University of Colorado; Department of Environmental Sciences, University of North Carolina, USA
=700  1\$aParks, Sean A.$eauthor$uAldo Leopold Wilderness Research Institute, Rocky Mountain Research Station, US Forest Service, USA
=700  1\$aSala, Anna$eauthor$uDivision of Biological Sciences, University of Montana, USA
=700  1\$aManeta, Marco P.$eauthor$uDepartment of Geosciences, University of Montana, USA
=773  0\$tProceedings of the National Academy of Sciences.$g2019 Mar. 26, v. 116, no. 13 p.6193-6198$dProceedings of the National Academy of Sciences$wJournal:jnl45680$x0027-8424$7nnas
=787  1\$oislandora_article_repository
=787  1\$oproduct_pubag
=787  1\$o(Journal)jnl45680
=856  40$uhttp://dx.doi.org/10.1073/pnas.1815107116$3Available from publisher's site
=912  \\$aArticle
=914  \\$aJournal:jnl45680$c116$d13$e6193
=914  \\$fProceedings of the National Academy of Sciences
=916  \\$aBatch:10133
=917  \\$aissued
=918  2\$aCHORUS$eprovider$5DNAL
=935  \\$aIND607344695$9ExL
=949  \\$a2021-06-16
=955  \\$a/data/metadata/staging/chorus
=961  \\$aUSDA
=962  \\$aUSDA Scientist Submission; eISSN 1091-6490
=974  \\$aagid:7344695
=983  \\$a2022-09-01T12:46:12-04:00
=984  \\$a2022-10-05
=985  \\$aXML source generated via Python using CHORUS API JSON data; converted to MODS with chorus_to_mods.xsl

