=LDR  04432nab a2200637 u 4500
=001  9915858248807426
=005  20221119095059.0
=008  220808e202101\\xx\|||||o|||||||||||eng||
=016  7\$aIND607871757$2DNAL
=024  7\$a10.1002/jwmg.21969$2doi
=035  \\$aagid:7871757-01nal_inst
=040  \\$aAGL$beng$cAGL
=100  1\$aLEDee, Olivia E.$eauthor$uU.S. Geological Survey, Northeast Climate Adaptation Science Center, 1992 Folwell Avenue, St. Paul, MN, 55116, USA
=245  10$aPreparing Wildlife for Climate Change: How Far Have We Come?
=300  \\$ap. 7-16.
=500  \\$aREVIEW
=520  \\$aGlobal biodiversity is in unprecedented decline and on‐the‐ground solutions are imperative for conservation. Although there is a large volume of evidence related to climate change effects on wildlife, research on climate adaptation strategies is lagging. To assess the current state of knowledge in climate adaptation, we conducted a comprehensive literature review and evaluated 1,346 peer‐reviewed publications for management recommendations designed to address the consequences of climate change on wildlife populations. From 509 publications, we identified 2,306 recommendations and employed both qualitative and quantitative methods for data analysis. Although we found an increase in the volume and diversity of recommendations since 2007, a focus on protected areas (26%, 596 of 2,306 recommendations) and the non‐reserve matrix (12%, 276 of 2,306 recommendations) remained prominent in the climate adaptation literature. Common concepts include protected areas, invasive species, ecosystem services, adaptive management, stepping stones, assisted migration, and conservation easements. In contrast, only 1% of recommendations focused on reproduction (n = 26), survival (n = 14), disease (n = 26), or human‐wildlife conflict (n = 24). Few recommendations reflected the potential for local‐scale management interventions. We demonstrate limited advancement in preparing natural resource managers in climate adaptation at local, management‐relevant scales. Additional research is needed to identify and evaluate climate adaptation strategies aimed at reducing the vulnerability of wildlife to contemporary climate change. © 2020 The Wildlife Society.
=592  \\$aPublisher supplied data
=593  \\$aPubAg article
=596  \\$cU.S. Geological Survey Northeast Climate Adaptation Science Center
=596  \\$cUnited States Forest Service Northern Research Station
=650  \3$aadaptive management
=650  \3$abiodiversity
=650  \3$aclimate
=650  \3$aclimate change
=650  \3$adecline
=650  \3$aecosystems
=650  \3$ahuman-wildlife relations
=650  \3$ainvasive species
=650  \3$areproduction
=650  \3$awildlife
=650  \3$awildlife management
=700  1\$aHandler, Stephen D.$eauthor$uNorthern Institute of Applied Climate Science, Northern Research Station, USDA Forest Service, 410 MacInnes Drive, Houghton, MI, 49931, USA
=700  1\$aHoving, Christopher L.$eauthor$uMichigan Department of Natural Resources, 525 West Allegan Street, Lansing, MI, 48909, USA
=700  1\$aSwanston, Christopher W.$eauthor$uNorthern Institute of Applied Climate Science, Northern Research Station, USDA Forest Service, 410 MacInnes Drive, Houghton, MI, 49931, USA
=700  1\$aZuckerberg, Benjamin$eauthor$uDepartment of Forest and Wildlife Ecology, University of Wisconsin‐Madison, 1620 Linden Drive, Madison, WI, 53705, USA
=773  0\$tjournal of wildlife management.$g2021 Jan., v. 85, no. 1 p.7-16$dJohn Wiley & Sons, Ltd$wJournal:jnl46144$x0022-541X$7nnas
=787  1\$oislandora_article_repository
=787  1\$oproduct_pubag
=787  1\$o(Journal)jnl46144
=856  40$uhttps://dx.doi.org/10.1002/jwmg.21969$3Available from publisher's site
=912  \\$aArticle
=914  \\$aJournal:jnl46144$b0022-541X$c85$d1$e7
=914  \\$fjournal of wildlife management
=917  \\$aissued
=918  2\$aJohn Wiley & Sons, Inc$eprovider$5DNAL
=935  \\$aIND607871757$9ExL
=949  \\$a2022-08-08
=952  \\$dNAL-AP-2-clean
=953  \\$a/data/metadata/incoming/wiley/0022541X_2021_85_1.xml
=954  \\$afile:/data/metadata/staging/wiley/0022541X_2021_85_1.xml
=955  \\$a/data/metadata/staging/wiley/
=961  \\$aUSDA/FS
=974  \\$aagid:7871757
=983  \\$a2022-08-08
=984  \\$a2022-08-08

