=LDR  04625nab a2200721 u 4500
=001  9915862848007426
=005  20221214230232.0
=008  221003e20220908xx\|||||o|||||||||||eng||
=016  7\$aIND607952005$2DNAL
=024  7\$a10113/7952005$2hdl
=024  7\$a393849$2aris
=024  7\$a10.1038/s41437-022-00561-x$2doi
=024  7\$a440098$2aris_accn_no
=024  7\$a2032-12610-001-000D$2aris_project_no
=024  7\$a393849$2seq_no_115
=035  \\$aagid:7952005-01nal_inst
=040  \\$aAGL$beng$cAGL
=100  1\$aMaier, Paul$eauthor$uDepartment of Biology, San Diego State University, 5500 Campanile Dr., San Diego, CA, 92182, USA and FamilyTreeDNA, Gene by Gene, 1445 N Loop W, Houston, TX, 77008, USA
=245  10$aLandscape genetics of a sub-apline toad: climate change predicted to induce upward range shifts via asymmetrical migration corridors
=520  \\$aClimate change is expected to have a major hydrological impact on the core breeding habitat and migration corridors of many amphibians in the twenty-first century. The Yosemite toad (Anaxyrus canorus) is a species of meadow-specializing amphibian endemic to the high-elevation Sierra Nevada Mountains of California. Despite living entirely on federal lands, it has recently faced severe extirpations, yet our understanding of climatic influences on population connectivity is limited. In this study, we used a previously published double-digest RADseq dataset along with numerous remotely sensed habitat features in a landscape genetics framework to answer two primary questions in Yosemite National Park: (1) Which fine-scale climate, topographic, soil, and vegetation features most facilitate meadow connectivity? (2) How is climate change predicted to influence both the magnitude and net asymmetry of genetic migration? We developed an approach for simultaneously modeling multiple toad migration paths, akin to circuit theory, except raw environmental features can be separately considered. Our workflow identified the most likely migration corridors between meadows and used the unique cubist machine learning approach to fit and forecast environmental models of connectivity. We identified the permuted modeling importance of numerous snowpack-related features, such as runoff and groundwater recharge. Our results highlight the importance of considering phylogeographic structure, and asymmetrical migration in landscape genetics. We predict an upward elevational shift for this already high-elevation species, as measured by the net vector of anticipated genetic movement, and a north-eastward shift in species distribution via the network of genetic migration corridors across the park.
=593  \\$aPubAg article
=593  \\$eARIS manuscript
=650  \3$aAnaxyrus
=650  \3$aasymmetry
=650  \3$aclimate
=650  \3$aclimate change
=650  \3$adata collection
=650  \3$ageographical distribution
=650  \3$agroundwater recharge
=650  \3$ahabitats
=650  \3$ainheritance (genetics)
=650  \3$alandscape genetics
=650  \3$ameadows
=650  \3$amountains
=650  \3$anational parks
=650  \3$aphylogeography
=650  \3$aremote sensing
=650  \3$arunoff
=650  \3$asoil
=650  \3$atoads
=650  \3$atopography
=651  \3$aCalifornia
=700  1\$aVandergast, Amy$eauthor$uU.S. Geological Survey, Western Ecological Research Center, San Diego Field Station, San Diego, CA, 92101, USA
=700  1\$aOstoja, Steven Muir$eauthor$uUSDA California Climate Hub, Agricultural Research Service, John Muir Institute of the Environment, University of California, Davis, 1 Shields Ave., Davis, CA, 95616, USA$1https://orcid.org/0000-0002-9182-4413
=700  1\$aAguilar, Andres$eauthor$uDepartment of Biological Sciences, California State University, Los Angeles, 5151 State University Dr., Los Angeles, CA, 90032, USA
=700  1\$aBohonak, Andrew$eauthor$uDepartment of Biology, San Diego State University, 5500 Campanile Dr., San Diego, CA, 92182, USA
=773  0\$tHeredity.$g2022 Sept. 8, $wJournal:1939$x0018-067X$7nnas
=787  1\$oislandora_article_repository
=787  1\$oproduct_pubag
=787  1\$o(Journal)1939
=856  40$uhttp://dx.doi.org/10.1038/s41437-022-00561-x$3Available from publisher's Web site
=912  \\$aArticle
=914  \\$aJournal:1939$b0018-067X
=914  \\$fHeredity
=917  \\$aissued
=935  \\$aIND607952005$9ExL
=949  \\$a2022-10-05
=952  \\$dNAL-AP-2-clean
=961  \\$bUSDA
=974  \\$aagid:7952005
=979  \\$amissing vol and no
=983  \\$a2022-10-03
=984  \\$a2022-10-04

