=LDR  13292nab a2201549 u 4500
=001  9915865079607426
=005  20221214224414.0
=008  200928e202010\\xx\|||||o|||||||||||eng||
=016  7\$aIND607071231$2DNAL
=024  7\$a371362$2aris
=024  7\$a10113/7071231$2hdl
=024  7\$a10.1111/gcb.15261$2doi
=024  7\$a371362$2seq_no_115
=024  7\$a6066-13000-005-00D$2aris_project_no
=024  7\$a432474$2aris_accn_no
=035  \\$aagid:7071231-01nal_inst
=040  \\$aAGL$beng$cAGL
=100  1\$aFalconnier, Gatien N.$eauthor$uAIDA, Univ Montpellier, CIRAD, Montpellier, France$1https://orcid.org/0000-0003-3291-650X
=245  10$aModelling climate change impacts on maize yields under low nitrogen input conditions in sub‐Saharan Africa
=300  \\$ap. 5942-5964.
=500  \\$agolden set
=500  \\$aJOURNAL ARTICLE
=520  \\$aSmallholder farmers in sub‐Saharan Africa (SSA) currently grow rainfed maize with limited inputs including fertilizer. Climate change may exacerbate current production constraints. Crop models can help quantify the potential impact of climate change on maize yields, but a comprehensive multimodel assessment of simulation accuracy and uncertainty in these low‐input systems is currently lacking. We evaluated the impact of varying [CO₂], temperature and rainfall conditions on maize yield, for different nitrogen (N) inputs (0, 80, 160 kg N/ha) for five environments in SSA, including cool subhumid Ethiopia, cool semi‐arid Rwanda, hot subhumid Ghana and hot semi‐arid Mali and Benin using an ensemble of 25 maize models. Models were calibrated with measured grain yield, plant biomass, plant N, leaf area index, harvest index and in‐season soil water content from 2‐year experiments in each country to assess their ability to simulate observed yield. Simulated responses to climate change factors were explored and compared between models. Calibrated models reproduced measured grain yield variations well with average relative root mean square error of 26%, although uncertainty in model prediction was substantial (CV = 28%). Model ensembles gave greater accuracy than any model taken at random. Nitrogen fertilization controlled the response to variations in [CO₂], temperature and rainfall. Without N fertilizer input, maize (a) benefited less from an increase in atmospheric [CO₂]; (b) was less affected by higher temperature or decreasing rainfall; and (c) was more affected by increased rainfall because N leaching was more critical. The model intercomparison revealed that simulation of daily soil N supply and N leaching plays a crucial role in simulating climate change impacts for low‐input systems. Climate change and N input interactions have strong implications for the design of robust adaptation approaches across SSA, because the impact of climate change in low input systems will be modified if farmers intensify maize production with balanced nutrient management.
=592  \\$aPublisher supplied data
=593  \\$aPubAg article
=595  \\$a616$balice.allen$c2020-08-20$damanda.xu$e2020-08-21
=593  \\$eARIS manuscript
=650  \3$aZea mays
=650  \3$aair temperature
=650  \3$acarbon dioxide
=650  \3$acarbon dioxide enrichment
=650  \3$aclimatic factors
=650  \3$acorn
=650  \3$acrop models
=650  \3$afertilizer rates
=650  \3$aglobal warming
=650  \3$agrain yield
=650  \3$aharvest index
=650  \3$aleaf area index
=650  \3$alosses from soil
=650  \3$anitrogen fertilizers
=650  \3$anutrient availability
=650  \3$anutrient management
=650  \3$aphytomass
=650  \3$arain
=650  \3$asemiarid zones
=650  \3$asoil water content
=650  \3$asubhumid zones
=651  \3$aBenin
=651  \3$aEthiopia
=651  \3$aGhana
=651  \3$aMali
=651  \3$aRwanda
=700  1\$aCorbeels, Marc$eauthor$uAIDA, Univ Montpellier, CIRAD, Montpellier, France$1https://orcid.org/0000-0002-8084-9287
=700  1\$aBoote, Kenneth J.$eauthor$uUniversity of Florida, Gainesville, FL, USA$1https://orcid.org/0000-0002-1358-5496
=700  1\$aAffholder, François$eauthor$uAIDA, Univ Montpellier, CIRAD, Montpellier, France
=700  1\$aAdam, Myriam$eauthor$uCIRAD, UMR AGAP, Bobo‐Dioulasso, Burkina Faso$1https://orcid.org/0000-0002-8873-6762
=700  1\$aMacCarthy, Dilys S.$eauthor$uSoil and Irrigation Research Centre, School of Agriculture, College of Basic and Applied Science, University of Ghana, Accra, Ghana$1https://orcid.org/0000-0002-8062-3499
=700  1\$aRuane, Alex C.$eauthor$uClimate Impacts Group, National Aeronautics and Space Administration Goddard Institute for Space Studies, New York, NY, USA$1https://orcid.org/0000-0002-5582-9217
=700  1\$aNendel, Claas$eauthor$uLeibniz Centre for Agricultural Landscape Research, Müncheberg, Germany$1https://orcid.org/0000-0001-7608-9097
=700  1\$aWhitbread, Anthony M.$eauthor$uInternational Crops Research Institute for the Semi‐Arid Tropics (ICRISAT), Dar es Salaam, Tanzania$1https://orcid.org/0000-0003-4840-7670
=700  1\$aJustes, Éric$eauthor$uPERSYST, Univ Montpellier, CIRAD, Montpellier, France$1https://orcid.org/0000-0001-7390-7058
=700  1\$aAhuja, Lajpat R.$eauthor$uUSDA‐ARS, Fort Collins, CO, USA
=700  1\$aAkinseye, Folorunso M.$eauthor$uInternational Crops Research Institute for the Semi‐Arid Tropics (ICRISAT), Kano, Nigeria$1https://orcid.org/0000-0002-8677-6306
=700  1\$aAlou, Isaac N.$eauthor$uDepartment of Plant and Soil Sciences, University of Pretoria, Pretoria, South Africa
=700  1\$aAmouzou, Kokou A.$eauthor$uWest Africa Program, African Plant Nutrition Institute (APNI), Yamoussoukro, Cote d'Ivoire$1https://orcid.org/0000-0002-4695-4972
=700  1\$aAnapalli, Saseendran S.$eauthor$uSustainable Water Management Research Unit, USDA‐ARS, Stoneville, MS, USA$1https://orcid.org/0000-0001-5238-1894
=700  1\$aBaron, Christian$eauthor$uCIRAD, UMR TETIS, Montpellier, France$1https://orcid.org/0000-0001-9686-9672
=700  1\$aBasso, Bruno$eauthor$uDepartment of Earth and Environmental Sciences, Michigan State University, East Lansing, MI, USA$1https://orcid.org/0000-0003-2090-4616
=700  1\$aBaudron, Frédéric$eauthor$uCIMMYT, Harare, Zimbabwe$1https://orcid.org/0000-0002-5648-2083
=700  1\$aBertuzzi, Patrick$eauthor$uINRA, Agroclim, France
=700  1\$aChallinor, Andrew J.$eauthor$uInstitute for Climate and Atmospheric Science, School of Earth and Environment, University of Leeds, Leeds, UK$1https://orcid.org/0000-0002-8551-6617
=700  1\$aChen, Yi$eauthor$uKey Laboratory of Land Surface Pattern and Simulation, Institute of Geographical Sciences and Natural Resources Research, Chinese Academy of Sciences, Beijing, China
=700  1\$aDeryng, Delphine$eauthor$uIntegrative Research Institute on Transformations of Human‐Environment Systems (IRI THESys), Humboldt‐Universität zu Berlin, Berlin, Germany$1https://orcid.org/0000-0001-6214-7241
=700  1\$aElsayed, Maha L.$eauthor$uMALR‐ARC, Central Laboratory for Agricultural Climate (CLAC), Giza, Egypt
=700  1\$aFaye, Babacar$eauthor$uCrop Science Group, Institute of Crop Science and Resource Conservation (INRES), University of Bonn, Bonn, Germany
=700  1\$aGaiser, Thomas$eauthor$uCrop Science Group, Institute of Crop Science and Resource Conservation (INRES), University of Bonn, Bonn, Germany
=700  1\$aGaldos, Marcelo$eauthor$uInstitute for Climate and Atmospheric Science, School of Earth and Environment, University of Leeds, Leeds, UK$1https://orcid.org/0000-0002-6080-0726
=700  1\$aGayler, Sebastian$eauthor$uInstitute of Soil Science and Land Evaluation, Biogeophysics, University of Hohenheim, Stuttgart, Germany$1https://orcid.org/0000-0002-8577-6486
=700  1\$aGerardeaux, Edward$eauthor$uAIDA, Univ Montpellier, CIRAD, Montpellier, France
=700  1\$aGiner, Michel$eauthor$uAIDA, Univ Montpellier, CIRAD, Montpellier, France$1https://orcid.org/0000-0002-9310-2377
=700  1\$aGrant, Brian$eauthor$uOttawa Research and Development Centre, Agriculture and Agri‐Food Canada, Ottawa, ON, Canada$1https://orcid.org/0000-0001-5928-0391
=700  1\$aHoogenboom, Gerrit$eauthor$uUniversity of Florida, Gainesville, FL, USA$1https://orcid.org/0000-0002-1555-0537
=700  1\$aIbrahim, Esther S.$eauthor$uLeibniz Centre for Agricultural Landscape Research, Müncheberg, Germany$1https://orcid.org/0000-0001-8258-0931
=700  1\$aKamali, Bahareh$eauthor$uLeibniz Centre for Agricultural Landscape Research, Müncheberg, Germany$1https://orcid.org/0000-0002-8070-0175
=700  1\$aKersebaum, Kurt Christian$eauthor$uLeibniz Centre for Agricultural Landscape Research, Müncheberg, Germany$1https://orcid.org/0000-0002-3679-8427
=700  1\$aKim, Soo‐Hyung$eauthor$uSchool of Environmental and Forest Sciences, University of Washington, Seattle, USA
=700  1\$avan der Laan, Michael$eauthor$uDepartment of Plant and Soil Sciences, University of Pretoria, Pretoria, South Africa$1https://orcid.org/0000-0001-8656-623X
=700  1\$aLeroux, Louise$eauthor$uAIDA, Univ Montpellier, CIRAD, Montpellier, France$1https://orcid.org/0000-0002-7631-2399
=700  1\$aLizaso, Jon I.$eauthor$uCEIGRAM‐Universidad Politécnica de Madrid, ETSIAAB, Madrid, Spain$1https://orcid.org/0000-0002-7612-2560
=700  1\$aMaestrini, Bernardo$eauthor$uDepartment of Earth and Environmental Sciences, Michigan State University, East Lansing, MI, USA$1https://orcid.org/0000-0002-9438-0678
=700  1\$aMeier, Elizabeth A.$eauthor$uCSIRO Agriculture and Food, Queensland Bioscience Precinct, St Lucia, Qld, Australia$1https://orcid.org/0000-0003-2394-8120
=700  1\$aMequanint, Fasil$eauthor$uInstitute of Soil Science and Land Evaluation, Biogeophysics, University of Hohenheim, Stuttgart, Germany
=700  1\$aNdoli, Alain$eauthor$uCIMMYT, Harare, Zimbabwe
=700  1\$aPorter, Cheryl H.$eauthor$uUniversity of Florida, Gainesville, FL, USA$1https://orcid.org/0000-0001-7269-6543
=700  1\$aPriesack, Eckart$eauthor$uInstitute of Biochemical Plant Pathology, Helmholtz Center Munich, Neuherberg, Germany$1https://orcid.org/0000-0002-5088-9528
=700  1\$aRipoche, Dominique$eauthor$uINRA, Agroclim, France$1https://orcid.org/0000-0003-0785-9953
=700  1\$aSida, Tesfaye S.$eauthor$uCIMMYT, Addis Ababa, Ethiopia$1https://orcid.org/0000-0001-6482-2669
=700  1\$aSingh, Upendra$eauthor$uInternational Center for Soil Fertility and Agricultural Development, Muscle Shoals, AL, USA$1https://orcid.org/0000-0001-8653-0333
=700  1\$aSmith, Ward N.$eauthor$uOttawa Research and Development Centre, Agriculture and Agri‐Food Canada, Ottawa, ON, Canada$1https://orcid.org/0000-0001-7462-5247
=700  1\$aSrivastava, Amit$eauthor$uCrop Science Group, Institute of Crop Science and Resource Conservation (INRES), University of Bonn, Bonn, Germany
=700  1\$aSinha, Sumit$eauthor$uInstitute for Climate and Atmospheric Science, School of Earth and Environment, University of Leeds, Leeds, UK
=700  1\$aTao, Fulu$eauthor$uKey Laboratory of Land Surface Pattern and Simulation, Institute of Geographical Sciences and Natural Resources Research, Chinese Academy of Sciences, Beijing, China$1https://orcid.org/0000-0001-8574-0080
=700  1\$aThorburn, Peter J.$eauthor$uCSIRO Agriculture and Food, Queensland Bioscience Precinct, St Lucia, Qld, Australia$1https://orcid.org/0000-0002-6506-0456
=700  1\$aTimlin, Dennis$eauthor$uCrop Systems and Global Change Research Unit, USDA‐ARS, Beltsville, MD, USA$1https://orcid.org/0000-0003-4883-4664
=700  1\$aTraore, Bouba$eauthor$uIER, Bamako, Mali$1https://orcid.org/0000-0002-4458-6440
=700  1\$aTwine, Tracy$eauthor$uDepartment of Soil, Water, and Climate, University of Minnesota, St. Paul, MN, USA$1https://orcid.org/0000-0002-8457-046X
=700  1\$aWebber, Heidi$eauthor$uLeibniz Centre for Agricultural Landscape Research, Müncheberg, Germany$1https://orcid.org/0000-0001-8301-5424
=773  0\$tGlobal change biology.$g2020 Oct., v. 26, no. 10 p.5942-5964$dJohn Wiley & Sons, Ltd$wJournal:jnl57021$x1354-1013$7nnas
=787  1\$oislandora_article_repository
=787  1\$oproduct_pubag
=787  1\$o(Journal)jnl57021
=856  40$uhttps://handle.nal.usda.gov/10113/7071231$3Available in the National Agricultural Library PubAg search system
=856  40$uhttps://dx.doi.org/10.1111/gcb.15261$3Available from publisher's site
=912  \\$aArticle
=914  \\$aJournal:jnl57021$b1365-2486$e1
=914  \\$fGlobal change biology
=916  \\$aBatch:10068
=916  \\$aBatch:10152
=917  \\$aissued
=918  2\$aJohn Wiley & Sons, Inc$eprovider$5DNAL
=935  \\$aIND607071231$9ExL
=949  \\$a2021-09-21
=953  \\$a/data/metadata/incoming/wiley/13541013_2020_26_10.xml
=954  \\$afile:/data/metadata/staging/wiley/13541013_2020_26_10.xml
=955  \\$a/data/metadata/staging/wiley/
=961  \\$aUSDA/ARS
=962  \\$aUSDA Scientist Submission
=962  \\$aUSDA Scientist Submission; eISSN 1365-2486
=974  \\$aagid:7071231
=983  \\$a2020-09-28
=984  \\$a2021-09-21

