=LDR  04110nab a2200745 u 4500
=001  9915865902707426
=005  20221119093626.0
=008  091002e20091020xx\|||||o|||||||||||eng||
=016  7\$aIND44267444$2DNAL
=024  7\$a10.1016/j.jhydrol.2009.08.007$2doi
=024  7\$a10113/35008$2hdl
=035  \\$aagid:35008-01nal_inst
=040  \\$aAGL$beng$cAGL
=072  \0$aP200
=072  \0$aB200
=100  1\$aLi, Zhi
=245  10$aImpacts of land use change and climate variability on hydrology in an agricultural catchment on the Loess Plateau of China
=300  \\$ap. 35-42.
=500  \\$aIncludes references
=500  \\$a2019-12-05
=520  \\$aLand use and climate are two main factors directly influencing catchment hydrology, and separation of their effects is of great importance for land use planning and water resources management. Using the SWAT (Soil and Water Assessment Tools) model, we assessed the impacts of land use change and climate variability on surface hydrology (runoff, soil water and evapotranspiration) in an agricultural catchment on the Loess Plateau of China. Results indicated that SWAT proved to be a powerful tool to simulate the effect of environmental change on surface hydrology. The Nash-Sutcliffe model efficiency (Ens), Percent bias (PBIAS) and ratio of root mean square error to measured standard deviation (RSR) for annual flow was 0.87, 4.0%, 0.36 during calibration period and 0.87, 2.5%, 0.36 during validation periods, respectively. During 1981-2000, about 4.5% of the catchment area was changed mainly from shrubland and sparse woodland to medium and high grassland, and climate changed to warmer and drier. The integrated effects of the land use change and climate variability decreased runoff, soil water contents and evapotranspiration. Both land use change and climate variability decreased runoff by 9.6% and 95.8%, respectively, and decreased soil water contents by 18.8% and 77.1%. Land use change increased evapotranspiration by 8.0% while climate variability decreased it by 103.0%. The climate variability influenced the surface hydrology more significantly than the land use change in the Heihe catchment during 1981-2000; therefore, the influence of climate variability should be considered and assessed separately when quantifying the hydrological effect of vegetation restoration in the Loess Plateau.
=593  \\$aPubAg article
=593  \\$cUSDA submission
=650  \3$aland use change
=650  \3$ashrublands
=650  \3$aevapotranspiration
=650  \3$aagricultural runoff
=650  \3$aair temperature
=650  \3$aclimatic factors
=650  \3$aglobal warming
=650  \3$awatershed hydrology
=650  \3$asoil water
=650  \3$aSoil and Water Assessment Tool model
=650  \3$awoodlands
=650  \3$agrasslands
=650  \3$aagricultural watersheds
=651  \3$aChina
=653  \0$aprecipitation
=653  \0$aclimate change
=700  1\$aLiu, Wen-zhao
=700  1\$aZhang, Xun-chang
=700  1\$aZheng, Fen-li
=773  0\$tJournal of hydrology.$g2009 Oct. 20, v.  377, no.  1-2 p.35-42$dElsevier$x0022-1694$7nnas
=787  1\$oproduct_pubag
=787  1\$oislandora_article_repository
=787  1\$oislandora_pubag_with_text
=787  1\$o(Journal)jnl46539
=852  \\$aDNAL
=856  40$uhttps://handle.nal.usda.gov/10113/35008$3Available in the National Agricultural Library PubAg search system
=856  40$uhttp://dx.doi.org/10.1016/j.jhydrol.2009.08.007$3Available from publisher's Web site
=912  \\$aArticle
=914  \\$aJournal:jnl46539$b0022-1694$c377$d1-2$e35
=914  \\$fJournal of hydrology
=917  \\$aissued
=930  \\$a20091021$b20091106$c00000000
=935  \\$aIND44267444$9ExL
=945  \\$aIND$dRHF$e2009/10/20
=946  \\$aNon-US
=949  \\$a2016-09-13
=952  \\$a20091021 20091106 00000000$bIND RHF 2009/10/20
=961  \\$aUSDA/ARS
=974  \\$aagid:35008
=984  \\$a2009-11-07
=985  \\$aConverted from MARCXML to MODS version 3.4 using MARC21slim2MODS3-4.xsl (Revision 1.95 2014/04/23)
=986  \\$a4267444

