=LDR  03871nab a2200721 u 4500
=001  9915866644907426
=005  20221119095721.0
=008  191028e200607\\xx\|||||o|||||||||||eng||
=016  7\$aIND43851934$2DNAL
=024  7\$a16825459$2pmid
=024  7\$a10113/3902$2hdl
=024  7\$a10.2134/jeq2005.0154$2doi
=035  \\$aagid:3902-01nal_inst
=040  \\$aAGL$beng$cAGL
=100  1\$aAlig, Ralph J.$eauthor
=245  10$aForest Environmental Investments and Implications for Climate Change Mitigation
=300  \\$ap. 1389-1395.
=500  \\$aepub
=520  \\$aForest environmental conditions are affected by climate change, but investments in forest environmental quality can be used as part of the climate change mitigation strategy. A key question involving the potential use of forests to store more carbon as part of climate change mitigation is the impact of forest investments on the timing and quantity of forest volumes that affect carbon storage. Using an economic optimization model, we project levels of U.S. forest volumes as indicators of carbon storage for a wide range of private forest investment scenarios. Results show that economic opportunities exist to further intensify timber management on some hectares and reduce the average timber rotation length such that the national volume of standing timber stocks could be reduced relative to projections reflecting historical trends. The national amount of timber volume is projected to increase over the next 50 yr, but then is projected to decline if private owners follow an economic optimization path, such as with more forest type conversions and shorter timber rotations. With perfect foresight, future forest investments can affect current timber harvest levels, with intertemporal linkages based on adjustments through markets. Forest investments that boost regenerated timber yields per hectare would act to enhance ecosystem services (e.g., forest carbon storage) if they are related to the rate of growth and extent of growing stock inventory.
=592  \\$aPublisher supplied data
=593  \\$aPubAg article
=650  \3$acarbon sequestration
=650  \3$aforests
=650  \3$aenvironmental factors
=650  \3$amodels
=650  \3$aforest yields
=650  \3$atimber management
=650  \3$atimber supply
=650  \3$aforest ecology
=650  \3$aforest ownership
=650  \2$aAir Pollution$xeconomics$xprevention & control
=650  \2$aClimate
=650  \2$aConservation of Natural Resources$xeconomics
=650  \2$aEcosystem
=650  \2$aForestry$xeconomics
=650  \2$aGeography
=650  \2$aPopulation Dynamics
=650  \2$aTime Factors
=651  \0$aUnited States
=700  1\$aBair, Lucas S.$eauthor
=773  0\$tJournal of environmental quality.$g2006 July, v. 35, no. 4 p.1389-1395$dAmerican Society of Agronomy, Crop Science Society of America, Soil Science Society$wJournal:jnl1642$x1537-2537$7nnas
=787  1\$oproduct_pubag
=787  1\$oislandora_article_repository
=787  1\$oislandora_pubag_with_text
=787  1\$o(Journal)jnl1642
=852  \\$aDNAL
=856  40$uhttps://handle.nal.usda.gov/10113/3902$3Available in the National Agricultural Library PubAg search system
=856  40$uhttps://dx.doi.org/10.2134/jeq2005.0154$3Available from publisher's site
=912  \\$aArticle
=914  \\$aJournal:jnl1642$b0047-2425$c35$d4$e1389
=914  \\$fJournal of environmental quality
=917  \\$aissued
=918  2\$aACSESS$eprovider$5DNAL
=935  \\$aIND43851934$9ExL
=949  \\$a2019-10-28
=953  \\$a/data/metadata/incoming/acsess/jeq_updated.xml
=954  \\$afile:/data/metadata/staging/acsess/jeq_updated.xml
=955  \\$a/data/metadata/staging/acsess/
=961  \\$aUSDA/FS
=974  \\$aagid:3902
=983  \\$a2019-10-28
=984  \\$a2019-10-28
=986  \\$a3851934

