=LDR  01576nab a2200505 u 4500
=001  9915868226507426
=005  20221119060446.0
=008  100316e200911\\xx\|||||o|||||||||||eng||
=016  7\$aIND44340740$2DNAL
=024  7\$a10113/39593$2hdl
=035  \\$aagid:39593-01nal_inst
=040  \\$aAGL$beng$cAGL
=072  \0$aB200
=072  \0$aX200
=100  1\$aWalthall, Charles L.
=245  10$aManaging Agriculture in a Climate of Change
=300  \\$ap. 696-702.
=593  \\$aPubAg article
=594  \\$aEmbargoed article
=650  \3$aAgricultural Research Service
=650  \3$ascientists
=650  \3$agreenhouse gases
=650  \3$aclimate change
=650  \3$aagriculture
=650  \3$aagricultural research
=650  \3$aclimate models
=773  0\$tAgricultural research.$g2009 , v.  57, no.  10 p.696-702$x0002-161X$7nnas
=787  1\$oproduct_pubag
=787  1\$oislandora_article_repository
=852  \\$aDNAL
=856  40$uhttps://handle.nal.usda.gov/10113/39593$3Available in the National Agricultural Library PubAg search system
=912  \\$aArticle
=914  \\$fAgricultural research
=917  \\$aissued
=930  \\$a20100322$b20100403$c00000000
=935  \\$aIND44340740$9ExL
=945  \\$aIND$dMWL$e2010/03/22
=946  \\$aUSDA
=949  \\$a2014-07-17
=952  \\$a20100322 20100403 00000000$bIND MWL 2010/03/22
=961  \\$aUSDA/ARS
=974  \\$aagid:39593
=984  \\$a2010-04-03
=985  \\$aConverted from MARCXML to MODS version 3.4 using MARC21slim2MODS3-4.xsl (Revision 1.95 2014/04/23)
=986  \\$a4340740

