=LDR  01609nab a2200505 u 4500
=001  9915868229707426
=005  20221119060411.0
=008  100316e200911\\xx\|||||o|||||||||||eng||
=016  7\$aIND44340741$2DNAL
=024  7\$a10113/39594$2hdl
=035  \\$aagid:39594-01nal_inst
=040  \\$aAGL$beng$cAGL
=072  \0$aW000
=072  \0$aB200
=072  \0$aX200
=100  1\$aO'Brien, Dennis
=245  10$aGRACEnet: A Unified Response to Climate Change
=300  \\$ap. 688-695.
=500  \\$a2019-12-05
=593  \\$aPubAg article
=594  \\$aEmbargoed article
=650  \3$aclimate change
=650  \3$agreenhouse gases
=650  \3$aclimate models
=653  \0$aGRACEnet (Greenhouse Gas Reduction through Agricultural Carbon Enhancement Network)
=653  \0$areduction
=773  0\$tAgricultural research.$g2009 , v.  57, no.  10 p.688-695$x0002-161X$7nnas
=787  1\$oproduct_pubag
=787  1\$oislandora_article_repository
=852  \\$aDNAL
=856  40$uhttps://handle.nal.usda.gov/10113/39594$3Available in the National Agricultural Library PubAg search system
=912  \\$aArticle
=914  \\$fAgricultural research
=917  \\$aissued
=930  \\$a20100322$b20100403$c00000000
=935  \\$aIND44340741$9ExL
=945  \\$aIND$dMWL$e2010/03/22
=946  \\$aUSDA
=949  \\$a2014-07-17
=952  \\$a20100322 20100403 00000000$bIND MWL 2010/03/22
=961  \\$aUSDA/ARS
=974  \\$aagid:39594
=984  \\$a2010-04-03
=985  \\$aConverted from MARCXML to MODS version 3.4 using MARC21slim2MODS3-4.xsl (Revision 1.95 2014/04/23)
=986  \\$a4340741

