=LDR  03721nab a2200649 u 4500
=001  9915868494307426
=005  20221119061759.0
=008  100313e20100415xx\|||||o|||||||||||eng||
=016  7\$aIND44338377$2DNAL
=024  7\$a10.1016/j.jhydrol.2010.01.013$2doi
=024  7\$a10113/39733$2hdl
=035  \\$aagid:39733-01nal_inst
=040  \\$aAGL$beng$cAGL
=072  \0$aJ800
=072  \0$aB200
=100  1\$aZhang, Y.-G.
=245  10$aProjected rainfall erosivity changes under climate change from multimodel and multiscenario projections in Northeast China
=300  \\$ap. 97-106.
=500  \\$aIncludes references
=500  \\$a2019-12-05
=520  \\$aFuture changes in precipitation will induce changes in the erosive power of rainfall and hence changes in soil erosion rates. In this study we calculated downscaled mean annual precipitation and USLE rainfall erosivity (R) for time periods 2030 through 2059 and 2070 through 2099 in Northeast China using future precipitation predicted from six GCM models under three emissions scenarios. To accomplish this we created a new approach wherein we combined the well evaluated methods developed by Zhang (2005,2007) for downscaling monthly precipitation products at time scales meaningful for modeling erosion processes, and the validated method developed by Yu (2002,2003) for using a weather generator (CLIGEN) to generate accurate RUSLE erosivity factors. Changes were compared to 1960 through 1999 conditions. A stochastic weather generator (CLIGEN) calibrated to precipitation for the period 1960 through 1999 was used to temporally downscale the GCM output, from which the future R values were calculated. Our results suggested a general increase in erosivity over the region by the mid-21st century. Changes in rainfall erosivity under the higher greenhouse gas emissions scenarios, A1B and A2, exhibited the greatest projected changes. The results also indicated that changes in total annual rainfall amounts were not uniformly correspondent spatially to changes in erosivity. Multimodel means showed a generally larger increase in the northern portion of the region than that in the southern part. Future rainfall erosivity changes will have important impacts on soil and water resources in Northeastern China.
=593  \\$aPubAg article
=593  \\$cUSDA submission
=650  \3$aclimate change
=650  \3$arain
=650  \3$aUniversal Soil Loss Equation
=650  \3$awater erosion
=651  \3$aChina
=653  \0$aprecipitation
=653  \0$aerosivity
=700  1\$aNearing, M.A.
=700  1\$aZhang, X.-C.
=700  1\$aXie, Y.
=700  1\$aWei, H.
=773  0\$tJournal of hydrology.$g2010 Apr. 15, v.  384, no.  1-2 p.97-106$dElsevier$x0022-1694$7nnas
=787  1\$oproduct_pubag
=787  1\$oislandora_article_repository
=787  1\$oislandora_pubag_with_text
=787  1\$o(Journal)jnl46539
=852  \\$aDNAL
=856  40$uhttps://handle.nal.usda.gov/10113/39733$3Available in the National Agricultural Library PubAg search system
=856  40$uhttp://dx.doi.org/10.1016/j.jhydrol.2010.01.013$3Available from publisher's Web site
=912  \\$aArticle
=914  \\$aJournal:jnl46539$b0022-1694$c384$d1-2$e97
=914  \\$fJournal of hydrology
=917  \\$aissued
=930  \\$a20100325$b20100403$c00000000
=935  \\$aIND44338377$9ExL
=945  \\$aIND$dRHF$e2010/03/25
=946  \\$aNon-US
=949  \\$a2016-09-13
=952  \\$a20100325 20100403 00000000$bIND RHF 2010/03/25
=961  \\$aUSDA/ARS
=974  \\$aagid:39733
=984  \\$a2010-04-03
=985  \\$aConverted from MARCXML to MODS version 3.4 using MARC21slim2MODS3-4.xsl (Revision 1.95 2014/04/23)
=986  \\$a4338377

