=LDR  01354nab a2200445 u 4500
=001  9915875509707426
=005  20221119102603.0
=008  080523e200012\\xx\|||||o|||||||||||eng||
=016  7\$aIND44059228$2DNAL
=035  \\$aagid:3988844-01nal_inst
=040  \\$aAGL$beng$cAGL
=072  \0$a     B200   
=072  \0$a     J800   
=100  1\$aNearing, M.A.
=245  10$aErosion forecast: models predict climate change impacts on erosivity from 2000-2100
=300  \\$ap. 33.
=650  \3$aglobal warming
=650  \3$asoil erosion
=650  \3$aprediction
=650  \3$asimulation models
=650  \3$agreenhouse gases
=650  \3$aelevated atmospheric gases
=773  0\$tResource.$g2000 Dec.,  p.33-33$wJournal:12603$x1076-3333$7nnas
=787  1\$oislandora_article_repository
=787  1\$o(Journal)12603
=852  \\$aDNAL
=912  \\$aArticle
=914  \\$aJournal:12603$e33
=914  \\$fResource
=917  \\$aissued
=930  \\$a20090521$b20090608$c00000000
=935  \\$aIND44059228$9ExL
=945  \\$aIND$dGAY$e2008/05/27
=946  \\$aOther US
=952  \\$a20090521 20090608 00000000$bIND GAY 2008/05/27
=961  \\$aUSDA/ARS
=974  \\$aagid:3988844
=984  \\$a2022-03-23
=985  \\$aConverted from MARCXML to MODS version 3.4 using MARC21slim2MODS3-4.xsl (Revision 1.95 2014/04/23)
=986  \\$a4059228

