=LDR  03284nab a2200625 u 4500
=001  9915878267307426
=005  20221119071024.0
=008  131202s2013\\\\xx\|||||o|||||||||||eng||
=016  7\$aIND500710988$2DNAL
=024  7\$a10.1071/WF13018$2doi
=035  \\$aagid:615655-01nal_inst
=040  \\$aAGL$beng$cAGL
=100  1\$aBedel, Anthony P.$uKentucky Division for Air Quality, 200 Fair Oaks Lane, 1st Floor, Frankfort, KY 40601, USA.
=245  10$aClimate change and associated fire potential for the south-eastern United States in the 21st century
=300  \\$ap. 1034-1043.
=520  \\$aClimate models indicate that the climate of the south-eastern US will experience increasing temperatures and associated evapotranspiration in the 21st century. The current study found that conditions in the south-eastern US will likely become drier overall, given a warmer environment during future winter and spring seasons. This study examined the potential effects of a warmer climate in the 21st century on relevant meteorological fire parameters (e.g. total and convective precipitation, 500-hPa geopotential heights, near-surface relative humidity) and popular fire indices (e.g. Haines and Keetch-Byram Drought Indices) in the south-eastern US. Although the results offered conflicting implications in portions of the study domain, the southern half of the south-eastern US (including the Deep South, the southern Piedmont and Florida) exhibited the highest potential for increasing fire activity in the mid-21st century, given maximum warming and drying in these areas, especially in the spring season.
=592  \\$aPublisher supplied data
=593  \\$aPubAg article
=650  \3$aclimate
=650  \3$aclimate change
=650  \3$aclimate models
=650  \3$adrought
=650  \3$aevapotranspiration
=650  \3$apiedmont
=650  \3$arelative humidity
=650  \3$aspring
=650  \3$atemperature
=650  \3$awinter
=651  \3$aFlorida
=653  \0$aforest fires
=653  \0$aHaines Index
=653  \0$aKBDI
=700  1\$aMote, Thomas L.$uUniversity of Georgia, 210 Field Street, Room 204, Athens, GA 30602, USA.
=700  1\$aGoodrick, Scott L.$uUnited States Department of Agriculture's Forest Service, Southern Research Station, Center for Forest Disturbance Science, 320 Green Street, Athens, GA 30602, USA.
=773  0\$tInternational journal of wildland fire.$g2013, v. 22, no. 8 p.1034-1043$dCSIRO Publishing$x1049-8001$7nnas
=787  1\$oislandora_article_repository
=787  1\$oproduct_pubag
=787  1\$o(Journal)jnl57534
=856  40$uhttp://dx.doi.org/10.1071/WF13018
=912  \\$aArticle
=914  \\$aJournal:jnl57534$b1049-8001$c22$d8$e1034
=914  \\$fInternational journal of wildland fire
=917  \\$aissued
=918  2\$aCommonwealth Scientific and Industrial Research Organisation (CSIRO)$eprovider$5DNAL
=935  \\$aIND500710988$9ExL
=949  \\$a2013-12-30
=951  \\$a2013-12-02
=953  \\$aWF_22_8.ZIP
=961  \\$aUSDA/FS
=962  \\$aBatch:397 annotated on 2013-12-13T10:47:02Z
=962  \\$aBatch:397 reviewed on 2013-12-30T11:00:03Z
=962  \\$aBatch:397 reviewed on 2013-12-30T16:00:03Z
=974  \\$aagid:615655
=983  \\$a2013-12-02
=984  \\$a2013-12-02

