=LDR  05174nab a2200757 u 4500
=001  9915879624807426
=005  20221119080126.0
=008  200602e202006\\xx\|||||o|||||||||||eng||
=016  7\$aIND606972133$2DNAL
=024  7\$a10.1002/fee.2189$2doi
=035  \\$aagid:6972133-01nal_inst
=040  \\$aAGL$beng$cAGL
=100  1\$aMorelli, Toni Lyn$eauthor$uNortheast Climate Adaptation Science Center, US Geological Survey (USGS), Amherst, MA
=245  10$aClimate‐change refugia: biodiversity in the slow lane
=300  \\$ap. 228-234.
=500  \\$aNAL-AP-2-clean
=500  \\$aJOURNAL ARTICLE
=520  \\$aClimate‐change adaptation focuses on conducting and translating research to minimize the dire impacts of anthropogenic climate change, including threats to biodiversity and human welfare. One adaptation strategy is to focus conservation on climate‐change refugia (that is, areas relatively buffered from contemporary climate change over time that enable persistence of valued physical, ecological, and sociocultural resources). In this Special Issue, recent methodological and conceptual advances in refugia science will be highlighted. Advances in this emerging subdiscipline are improving scientific understanding and conservation in the face of climate change by considering scale and ecosystem dynamics, and looking beyond climate exposure to sensitivity and adaptive capacity. We propose considering refugia in the context of a multifaceted, long‐term, network‐based approach, as temporal and spatial gradients of ecological persistence that can act as "slow lanes" rather than areas of stasis. After years of discussion confined primarily to the scientific literature, researchers and resource managers are now working together to put refugia conservation into practice.
=592  \\$aPublisher supplied data
=593  \\$aPubAg article
=596  \\$cUS Department of the Interior National
=596  \\$cNortheast, and Northwest Climate Adaptation Science Centers
=596  \\$cUniversity of California-Berkeley
=596  \\$cWilburforce Foundation
=650  \3$abiodiversity
=650  \3$aclimate
=650  \3$aclimate change
=650  \3$aecosystems
=650  \3$aenvironment
=650  \3$arefuge habitats
=650  \3$asocial welfare
=700  1\$aBarrows, Cameron W$eauthor$uCenter for Conservation Biology, University of California-Riverside, Riverside, CA
=700  1\$aRamirez, Aaron R$eauthor$uDepartment of Biology and Environmental Studies, Reed College, Portland, OR
=700  1\$aCartwright, Jennifer M$eauthor$uLower Mississippi-Gulf Water Science Center, USGS, Nashville, TN
=700  1\$aAckerly, David D$eauthor$uDepartment of Integrative Biology and Department of Environmental Science, Policy, and Management, University of California-Berkeley, Berkeley, CA
=700  1\$aEaves, Tatiana D$eauthor$uKrieger School of Arts and Sciences, Johns Hopkins University, Baltimore, MD
=700  1\$aEbersole, Joseph L$eauthor$uPacific Ecological Systems Division, Office of Research and Development, US Environmental Protection Agency, Corvallis, OR
=700  1\$aKrawchuk, Meg A$eauthor$uDepartment of Forest Ecosystems and Society, Oregon State University, Corvallis, OR
=700  1\$aLetcher, Benjamin H$eauthor$uConte Anadromous Fish Laboratory, USGS, Turners Falls, MA
=700  1\$aMahalovich, Mary F$eauthor$uNorthern, Rocky Mountain, Southwestern, and Intermountain Regions, US Department of Agriculture (USDA) Forest Service, Moscow, ID
=700  1\$aMeigs, Garrett W$eauthor$uDepartment of Forest Ecosystems and Society, Oregon State University, Corvallis, OR
=700  1\$aMichalak, Julia L$eauthor$uSchool of Environmental and Forest Sciences, University of Washington, Seattle, WA
=700  1\$aMillar, Constance I$eauthor$uPacific Southwest Research Station, USDA Forest Service, Albany, CA
=700  1\$aQuiñones, Rebecca M$eauthor$uMassachusetts Division of Fisheries and Wildlife, Westborough, MA
=700  1\$aStralberg, Diana$eauthor$uDepartment of Renewable Resources, University of Alberta, Edmonton, Canada
=700  1\$aThorne, James H$eauthor$uDepartment of Environmental Science and Policy, University of California-Davis, Davis, CA
=773  0\$tFrontiers in ecology and the environment.$g2020 June, v. 18, no. 5 p.228-234$dJohn Wiley & Sons, Ltd$wJournal:23083$x1540-9295$7nnas
=787  1\$oislandora_article_repository
=787  1\$oproduct_pubag
=787  1\$o(Journal)23083
=856  40$uhttp://dx.doi.org/10.1002/fee.2189$3Available from publisher's site
=912  \\$aArticle
=914  \\$aJournal:23083$b1540-9295$c18$d5$e228
=914  \\$fFrontiers in ecology and the environment
=916  \\$aBatch:10091
=917  \\$aissued
=918  2\$aJohn Wiley & Sons, Inc$eprovider$5DNAL
=935  \\$aIND606972133$9ExL
=949  \\$a2021-04-18
=953  \\$a/data/metadata/incoming/wiley/15409295_2020_18_5.xml
=954  \\$afile:/data/metadata/staging/wiley/15409295_2020_18_5.xml
=955  \\$a/data/metadata/staging/wiley/
=961  \\$aUSDA/FS
=974  \\$aagid:6972133
=983  \\$a2020-06-02
=984  \\$a2021-04-18

