=LDR  05145nab a2200721 u 4500
=001  9915879824607426
=005  20221119080304.0
=008  211202e202112\\xx\|||||o|||||||||||eng||
=016  7\$aIND607587679$2DNAL
=024  7\$a10.1002/eap.2432$2doi
=035  \\$aagid:7587679-01nal_inst
=040  \\$aAGL$beng$cAGL
=100  1\$aHessburg, Paul F.$eauthor$uUSDA‐FS, Pacific Northwest Research Station, 1133 N. Western Avenue, Wenatchee, Washington, 98801, USA$1https://orcid.org/0000-0002-0330-7230
=245  10$aWildfire and climate change adaptation of western North American forests: a case for intentional management
=500  \\$aJOURNAL ARTICLE
=520  \\$aForest landscapes across western North America (wNA) have experienced extensive changes over the last two centuries, while climatic warming has become a global reality over the last four decades. Resulting interactions between historical increases in forested area and density and recent rapid warming, increasing insect mortality, and wildfire burned areas, are now leading to substantial abrupt landscape alterations. These outcomes are forcing forest planners and managers to identify strategies that can modify future outcomes that are ecologically and/or socially undesirable. Past forest management, including widespread harvest of fire‐ and climate‐tolerant large old trees and old forests, fire exclusion (both Indigenous and lightning ignitions), and highly effective wildfire suppression have contributed to the current state of wNA forests. These practices were successful at meeting short‐term demands, but they match poorly to modern realities. Hagmann et al. review a century of observations and multi‐scale, multi‐proxy, research evidence that details widespread changes in forested landscapes and wildfire regimes since the influx of European colonists. Over the preceding 10 millennia, large areas of wNA were already settled and proactively managed with intentional burning by Indigenous tribes. Prichard et al. then review the research on management practices historically applied by Indigenous tribes and currently applied by some managers to intentionally manage forests for resilient conditions. They address 10 questions surrounding the application and relevance of these management practices. Here, we highlight the main findings of both papers and offer recommendations for management. We discuss progress paralysis that often occurs with strict adherence to the precautionary principle; offer insights for dealing with the common problem of irreducible uncertainty and suggestions for reframing management and policy direction; and identify key knowledge gaps and research needs.
=592  \\$aPublisher supplied data
=593  \\$aPubAg article
=596  \\$cU.S. Fish and Wildlife Service
=596  \\$cThe Wilderness Society
=596  \\$cThe Nature Conservancy, Oregon
=596  \\$cConservation Northwest
=596  \\$cThe Ecological Restoration Institute
=596  \\$cWashington State Department of Natural Resources
=596  \\$cUSDA‐FS, the Pacific Northwest and Pacific Southwest Research Stations
=596  \\$cCalifornia Department of Forestry and Fire Protection
=650  \3$aforest management
=650  \3$aforests
=650  \3$ainsects
=650  \3$aissues and policy
=650  \3$alandscapes
=650  \3$alightning
=650  \3$amortality
=650  \3$aparalysis
=650  \3$aprecautionary principle
=650  \3$auncertainty
=650  \3$awildfires
=651  \3$aNorth America
=700  1\$aPrichard, Susan J.$eauthor$uCollege of the Environment‐SEFS, University of Washington, Seattle, Washington, 98195, USA$1https://orcid.org/0000-0002-6001-1487
=700  1\$aHagmann, R. Keala$eauthor$uCollege of the Environment‐SEFS, University of Washington, Seattle, Washington, 98195, USA$1https://orcid.org/0000-0002-1952-7449
=700  1\$aPovak, Nicholas A.$eauthor$uUSDA‐FS, Pacific Northwest Research Station, 1133 N. Western Avenue, Wenatchee, Washington, 98801, USA$1https://orcid.org/0000-0003-1220-7095
=700  1\$aLake, Frank K.$eauthor$uUSDA‐FS, Pacific Southwest Research Station, 1700 Bayview Drive, Arcata, California, 95521, USA
=773  0\$tEcological applications.$g2021 Dec., v. 31, no. 8 p.e02432-$dJohn Wiley & Sons, Ltd$wJournal:jnl47193$x1051-0761$7nnas
=787  1\$oislandora_article_repository
=787  1\$oproduct_pubag
=787  1\$o(Journal)jnl47193
=856  40$uhttps://dx.doi.org/10.1002/eap.2432$3Available from publisher's site
=912  \\$aArticle
=914  \\$aJournal:jnl47193$b1051-0761$c31$d8$ee02432
=914  \\$fEcological applications
=916  \\$aBatch:10216
=917  \\$aissued
=918  2\$aJohn Wiley & Sons, Inc$eprovider$5DNAL
=935  \\$aIND607587679$9ExL
=949  \\$a2022-02-23
=952  \\$dNAL-AP-2-clean
=953  \\$a/data/metadata/incoming/wiley/10510761_2021_31_8.xml
=954  \\$afile:/data/metadata/staging/wiley/10510761_2021_31_8.xml
=955  \\$a/data/metadata/staging/wiley/
=961  \\$aUSDA/FS
=974  \\$aagid:7587679
=983  \\$a2021-12-02
=984  \\$a2022-02-19

