=LDR  04553nab a2200721 u 4500
=001  9915879960407426
=005  20221119080415.0
=008  220220e202202\\xx\|||||o|||||||||||eng||
=016  7\$aIND607676476$2DNAL
=024  7\$a10.1007/s10342-021-01428-2$2doi
=035  \\$aagid:7676476-01nal_inst
=040  \\$aAGL$beng$cAGL
=100  1\$aDuan, Shengwu$eauthor$uSchool of Natural Resources, University of Missouri, Columbia, MO, USA
=245  10$aLong-term effects of succession, climate change and insect disturbance on oak-pine forest composition in the U.S. Central Hardwood Region
=300  \\$ap. 153-164.
=520  \\$aOak-pine forests in the U.S. Central Hardwood Forests are recovering from exploitative harvesting and clearing in the early twentieth century and are undergoing rapid succession changes. Unprecedented red oak borer (ROB, Enaphalodes rufulus) outbreaks in 1999-2003 are associated with the largest oak mortality event reported in the Central Hardwood Region since the arrival of Europeans. Predicting and evaluating the effects of ROB disturbance on forest composition has practical value for forest management plans that aims to minimize ecological and economic loss from ROB disturbances. However, such prediction at a regional scale is rare due to the limited approaches that could explicitly couple insect outbreak mechanisms with forest dynamics under changing climate. We used a newly developed climate-sensitive Biotic Disturbance Agent module in the LANDIS PRO framework to simulate species composition changes due to succession, climate change, and ROB disturbances in 13.5 million ha forests in the U.S. Central Hardwood Region from 2000 to 2300. Our simulation suggested that succession is more important than climate effects and ROB disturbance in predicting regional species composition changes. ROB disturbance interacting with climate change accelerated the decline of primary host species (e.g., Quercus rubra) and then substantially changed forest succession trajectories under warming climates. Our modeling approach improved the simulation realism of ROB disturbance and more realistically projected how tree species will respond to ROB disturbance under changing climate, informing decision-making in silvicultural prescriptions and long-term management plans.
=592  \\$aPublisher supplied data
=593  \\$aPubAg article
=596  \\$aGrant 14-JV-11330134-049$cUS Department of Agriculture
=650  \3$aEnaphalodes rufulus
=650  \3$aQuercus rubra
=650  \3$aclimate
=650  \3$aclimate change
=650  \3$adecision making
=650  \3$afinancial economics
=650  \3$aforest dynamics
=650  \3$aforest management
=650  \3$aforest succession
=650  \3$ahardwood
=650  \3$ahosts
=650  \3$ainsect outbreaks
=650  \3$ainsects
=650  \3$amortality
=650  \3$aprediction
=650  \3$aresearch
=650  \3$aspecies diversity
=650  \3$atrees
=700  1\$aHe, Hong S.$eauthor$uSchool of Natural Resources, University of Missouri, Columbia, MO, USA. heh@missouri.edu$1https://orcid.org/0000-0003-2771-6618
=700  1\$aSpetich, Martin A.$eauthor$uSouthern Research Station, USDA Forest Service, Hot Springs, AR, USA
=700  1\$aWang, Wen J.$eauthor$uNortheast Institute of Geography and Agroecology, Chinese Academy of Sciences, Jilin, China
=700  1\$aFraser, Jacob S.$eauthor$uNorthern Research Station, USDA Forest Service, Columbia, MO, USA
=700  1\$aXu, Wenru$eauthor$uSchool of Natural Resources, University of Missouri, Columbia, MO, USA
=773  0\$tEuropean journal of forest research.$g2022 Feb., v. 141, no. 1 p.153-164$dSpringer Berlin Heidelberg$wJournal:jnl3870054$x1612-4669$7nnas
=787  1\$oislandora_article_repository
=787  1\$oproduct_pubag
=787  1\$o(Journal)jnl3870054
=856  40$uhttps://dx.doi.org/10.1007/s10342-021-01428-2$3Available from publisher's site
=912  \\$aArticle
=914  \\$aJournal:jnl3870054$b1612-4669$c141$d1$e153
=914  \\$fEuropean journal of forest research
=916  \\$aBatch:10239
=917  \\$aissued
=918  2\$aSpringer$eprovider$5DNAL
=935  \\$aIND607676476$9ExL
=949  \\$a2022-04-19
=952  \\$dNAL-AP-2-clean
=953  \\$a/data/metadata/incoming/springer/ftp_PUB_22-02-18_05-27-11.zip
=954  \\$afile:/data/metadata/staging/springer/10342-141-1.xml
=955  \\$a/data/metadata/staging/springer/
=961  \\$aUSDA/FS
=974  \\$aagid:7676476
=983  \\$a2022-02-20
=984  \\$a2022-04-19

