=LDR  07209nab a2201009 u 4500
=001  9915880667107426
=005  20221119083425.0
=008  180619e201603\\xx\|||||o|||||||||||eng||
=016  7\$aIND604881564$2DNAL
=024  7\$a10.1007/s13593-016-0350-5$2doi
=035  \\$aagid:4881564-01nal_inst
=040  \\$aAGL$beng$cAGL
=100  1\$aKorres, NicholasE.$eauthor$uDepartment of Crop, Soil, and Environmental Sciences, University of Arkansas, Fayetteville, AR, 72704, USA. nkorres@yahoo.co.uk
=245  10$aCultivars to face climate change effects on crops and weeds: a review
=300  \\$ap. 12.
=500  \\$aReview
=520  \\$aClimate change is caused by the release of greenhouse gases in the atmosphere. Climate change will impact many activities, but its effects on agricultural production could be acute. Estimates of annual damages in agriculture due to temperature increase or extended periods of drought will be more costly than damages in other activities. Yield losses are caused both by direct effects of climate change on crops and by indirect effects such as increased inputs in crop production for weed control. One possible solution to counteract the effects of climate change is to seek crop cultivars that are adapted to highly variable, extreme climatic conditions and pest changes. Here we review the effects of climate change on crop cultivars and weeds. Biomass increase will augment marketable yield by 8-70 % for C3 cereals, by 20-144 % for cash and vegetable crops, and by 6-35 % for flowers. Such positive effects could however be reduced by decreasing water and nutrient availability. Rising temperature will decrease yields of temperature-sensitive crops such as maize, soybean, wheat, and cotton or specialty crops such as almonds, grapes, berries, citrus, or stone fruits. Rice, which is expected to yield better under increased CO₂, will suffer serious yield losses under high temperatures. Drought stress should decrease the production of tomato, soybean, maize, and cotton. Nevertheless, reviews on C4 photosynthesis response to water stress in interaction with CO₂ concentration reveal that elevated CO₂ concentration lessens the deleterious effect of drought on plant productivity. C3 weeds respond more strongly than C4 types to CO₂ increases through biomass and leaf area increases. The positive response of C3 crops to elevated CO₂ may make C4 weeds less competitive for C3 crops, whereas C3 weeds in C4 or C3 crops could become a problem, particularly in tropical regions. Temperature increases will mainly affect the distribution of weeds, particularly C4 type, by expanding their geographical range. This will enhance further yield losses and will affect weed management systems negatively. In addition, the expansion of invasive weed species such as itchgrass, cogongrass, and witchweed facilitated by temperature increases will increase the cost for their control. Under water or nutrient shortage scenarios, an r-strategist with characteristics in the order S-C-R, such as Palmer amaranth, large crabgrass, johnsongrass, and spurges, will most probably prevail. Selection of cultivars that secure high yields under climate change but also by competing weeds is of major importance. Traits related with (a) increased root/shoot ratio, (b) vernalization periods, (c) maturity, (d) regulation of node formation and/or internode distance, (e) harvest index variations, and (f) allelopathy merit further investigation. The cumulative effects of selecting a suitable stress tolerator-competitor cultivar will be reflected in reductions of environmental pollution, lower production costs, and sustainable food production.
=592  \\$aPublisher supplied data
=593  \\$aPubAg article
=650  \3$aAmaranthus palmeri
=650  \3$aC3 plants
=650  \3$aC4 photosynthesis
=650  \3$aallelopathy
=650  \3$aalmonds
=650  \3$abiomass
=650  \3$acarbon dioxide
=650  \3$aclimate change
=650  \3$aclimatic factors
=650  \3$acorn
=650  \3$acotton
=650  \3$acultivars
=650  \3$adrought
=650  \3$aflowers
=650  \3$agrapes
=650  \3$agreenhouse gases
=650  \3$aharvest index
=650  \3$ainvasive species
=650  \3$aleaf area
=650  \3$amanagement systems
=650  \3$anutrient availability
=650  \3$apollution
=650  \3$aproduction costs
=650  \3$aroots
=650  \3$ashoots
=650  \3$asmall fruits
=650  \3$asoybeans
=650  \3$aspecialty crops
=650  \3$astone fruits
=650  \3$asustainable agriculture
=650  \3$atemperature
=650  \3$atropics
=650  \3$avegetable crops
=650  \3$avernalization
=650  \3$awater stress
=650  \3$aweed control
=650  \3$aweeds
=650  \3$awheat
=700  1\$aNorsworthy, JasonK.$eauthor$uDepartment of Crop, Soil, and Environmental Sciences, University of Arkansas, Fayetteville, AR, 72704, USA
=700  1\$aTehranchian, Parsa$eauthor$uDepartment of Crop, Soil, and Environmental Sciences, University of Arkansas, Fayetteville, AR, 72704, USA
=700  1\$aGitsopoulos, ThomasK.$eauthor$uHellenic Agricultural Organization-Demeter, Institute of Plant Breeding and Phytogenetic Resources, P.O. Box 60324, Thermi, Thessaloniki, Greece
=700  1\$aLoka, DimitraA.$eauthor$uInstitute of Biological, Environmental and Rural Sciences, Aberystwyth University, Ceredigion, SY23 3EB, UK
=700  1\$aOosterhuis, DerrickM.$eauthor$uDepartment of Crop, Soil, and Environmental Sciences, University of Arkansas, Fayetteville, AR, 72704, USA
=700  1\$aGealy, DavidR.$eauthor$uUSDA-ARS, Dale Bumpers National Rice Research Center, Stuttgart, AR, 72160, USA
=700  1\$aMoss, StephenR.$eauthor$uRothamsted Research, West Common, Harpenden, Hertfordshire, AL5 2JQ, UK
=700  1\$aBurgos, NildaR.$eauthor$uDepartment of Crop, Soil, and Environmental Sciences, University of Arkansas, Fayetteville, AR, 72704, USA
=700  1\$aMiller, M.Ryan$eauthor$uDepartment of Crop, Soil, and Environmental Sciences, University of Arkansas, Fayetteville, AR, 72704, USA
=700  1\$aPalhano, Matheus$eauthor$uDepartment of Crop, Soil, and Environmental Sciences, University of Arkansas, Fayetteville, AR, 72704, USA
=773  0\$tAgronomy for sustainable development.$g2016 Mar., v. 36, no. 1 p.12-12$dSpringer Paris$wJournal:jnl33129$x1774-0746$7nnas
=787  1\$oislandora_article_repository
=787  1\$oproduct_pubag
=787  1\$o(Journal)jnl33129
=856  40$uhttps://dx.doi.org/10.1007/s13593-016-0350-5$3Available from publisher's site
=912  \\$aArticle
=914  \\$aJournal:jnl33129$b1774-0746$c36$d1$e12
=914  \\$fAgronomy for sustainable development
=916  \\$aBatch:1251
=917  \\$aissued
=918  2\$aSpringer$eprovider$5DNAL
=935  \\$aIND604881564$9ExL
=949  \\$a2018-06-19
=953  \\$a/data/metadata/incoming/springer/ftp_PUB_16-12-22_05-29-06.zip
=954  \\$afile:/data/metadata/staging/springer/13593-36-1.xml
=955  \\$a/data/metadata/staging/springer/
=961  \\$aUSDA/ARS
=974  \\$aagid:4881564
=983  \\$a2018-06-19
=984  \\$a2018-06-19

