=LDR  01920nab a2200649 u 4500
=001  9915882587407426
=005  20221119093041.0
=008  090609e200906\\xx\|||||o|||||||||||eng||
=016  7\$aIND44215749$2DNAL
=024  7\$a10113/30067$2hdl
=035  \\$aagid:30067-01nal_inst
=040  \\$aAGL$beng$cAGL
=072  \0$aP000
=072  \0$aW000
=072  \0$aK001
=072  \0$aF300
=072  \0$aB200
=100  1\$aMazza, Rhonda
=245  10$aLand use planning: a time-tested approach for addressing climate change
=500  \\$aIncludes references
=500  \\$a2019-12-05
=593  \\$aPubAg article
=594  \\$aEmbargoed article
=650  \3$aland use change
=650  \3$agreenhouse gases
=650  \3$aplanning
=650  \3$aagricultural land
=650  \3$avegetation cover
=650  \3$aclimate change
=650  \3$acarbon sequestration
=650  \3$aenvironmental protection
=650  \3$aissues and policy
=650  \3$aenvironmental markets
=650  \3$aforests
=651  \3$aOregon
=651  \0$aNorthwestern United States
=653  \0$acap and trade programs
=653  \0$aland use
=773  0\$tScience findings.$g2009 June, , no.  113$7nnas
=787  1\$oproduct_pubag
=787  1\$oislandora_article_repository
=852  \\$aDNAL
=856  40$uhttps://handle.nal.usda.gov/10113/30067$3Available in the National Agricultural Library PubAg search system
=912  \\$aArticle
=914  \\$fScience findings
=917  \\$aissued
=930  \\$a20090611$b20090703$c00000000
=935  \\$aIND44215749$9ExL
=945  \\$aIND$dLYN$e2009/06/11
=946  \\$aUSDA
=949  \\$a2014-07-17
=952  \\$a20090611 20090703 00000000$bIND LYN 2009/06/11
=961  \\$aUSDA/FS
=974  \\$aagid:30067
=984  \\$a2012-06-07
=985  \\$aConverted from MARCXML to MODS version 3.4 using MARC21slim2MODS3-4.xsl (Revision 1.95 2014/04/23)
=986  \\$a4215749

