=LDR  02238nab a2200697 u 4500
=001  9915882781607426
=005  20221119094617.0
=008  090612e200902\\xx\|||||o|||||||||||eng||
=016  7\$aIND44216505$2DNAL
=024  7\$a10.1139/X09-900$2doi
=024  7\$a10113/30198$2hdl
=035  \\$aagid:30198-01nal_inst
=040  \\$aAGL$beng$cAGL
=072  \0$aK800
=072  \0$aB200
=072  \0$aF300
=072  \0$aK001
=100  1\$aRustad, Lindsey
=245  10$aNE Forests 2100: A Synthesis of Climate Change Impacts on Forests of the Northeastern US and Eastern Canada
=300  \\$ap. v-x.
=500  \\$aIncludes references
=593  \\$aPubAg article
=593  \\$cUSDA submission
=650  \3$atemperate forests
=650  \3$aclimate change
=650  \3$aenvironmental impact
=651  \3$aCanada
=651  \3$aEastern United States
=700  1\$aCampbell, John
=700  1\$aCox, Roger
=700  1\$aDukes, Jeffrey
=700  1\$aHuntington, T.G.
=700  1\$aMagill, Alison
=700  1\$aRichardson, Andrew
=700  1\$aMohan, Jacqueline
=700  1\$aPontius, Jennifer
=700  1\$aRodenhouse, N.L.
=700  1\$aWatson, M.R.
=773  0\$tCanadian journal of forest research =.$g2009 Feb., v.  39, no.  2 p.v-x$x1208-6037$7nnas
=787  1\$oislandora_article_repository
=787  1\$oproduct_pubag
=787  1\$oislandora_pubag_with_text
=787  1\$o(Journal)jnl2003
=852  \\$aDNAL
=856  40$uhttps://handle.nal.usda.gov/10113/30198$3Available in the National Agricultural Library PubAg search system
=856  40$uhttp://dx.doi.org/10.1139/X09-900$3Available from publisher's Web site
=912  \\$aArticle
=914  \\$aJournal:jnl2003$b1208-6037$c39$d2$ev
=914  \\$fCanadian journal of forest research =
=917  \\$aissued
=930  \\$a20090618$b20090703$c00000000
=935  \\$aIND44216505$9ExL
=945  \\$aIND$dRHF$e2009/06/18
=946  \\$aNon-US
=949  \\$a2016-09-13
=952  \\$a20090618 20090703 00000000$bIND RHF 2009/06/18
=961  \\$aUSDA/FS
=974  \\$aagid:30198
=984  \\$a2009-07-04
=985  \\$aConverted from MARCXML to MODS version 3.4 using MARC21slim2MODS3-4.xsl (Revision 1.95 2014/04/23)
=986  \\$a4216505

