=LDR  04225nab a2200829 u 4500
=001  9915887668607426
=005  20221116161203.0
=008  100714e200808\\xx\|||||o|||||||||||eng||
=016  7\$aIND44398679$2DNAL
=024  7\$a18819675$2pmid
=024  7\$a10113/44710$2hdl
=035  \\$aagid:44710-01nal_inst
=040  \\$aAGL$beng$cAGL
=072  \0$aB200
=072  \0$aL830
=072  \0$aL822
=100  1\$aHoberg, E.P.
=245  10$aPathogens of domestic and free-ranging ungulates: global climate change in temperate to boreal latitudes across North America
=300  \\$ap. 511-528.
=500  \\$aIncludes references
=500  \\$a2019-12-06
=520  \\$aIn North America broad-based research networks explore the interaction of vertebrates, their characteristic arrays of pathogens and emergent disease. A diversity of programmes address the impact of environmental change on animal health, zoonoses, and human health, but as yet no comprehensive framework or strategy has emerged to develop and implement policy and planning. In a regime of climate change and ecological perturbation, the need to document and understand the health, agricultural, societal and economic impact of pathogens and emerging infectious disease is urgent. An integrated and proactive planning process linking national and international resources can lead to informed predictions aboutthe impact of environmental change and can identify pathways for potential management and mitigation. An effective and comprehensive programme will have components for establishing priorities, developing primary data for faunal structure and biodiversity, a capacity for monitoring and surveillance (including scanning and targeted activities), and linkage to historical and contemporary baselines (against which to assess change) established through archival biological collections. Field and laboratory studies are also necessary to determine developmental thresholds, tolerances and tipping points for many pathogens to establish a context for recognising current constraints and future perturbation, and to explore factors that promote emergence for a variety of pathogens, vectors and pest species. Predictive modelling and risk assessment utilising a range of scenarios for climate change is a final step in this multidisciplinary process.
=593  \\$aPubAg article
=593  \\$cUSDA submission
=650  \3$aungulates
=650  \3$aparasites
=650  \3$ahost-pathogen relationships
=650  \3$asurveys
=650  \3$alivestock
=650  \3$aclimate change
=650  \3$aanimal pathogens
=650  \3$awild animals
=650  \3$aprediction
=650  \2$aAnimals
=650  \2$aAnimals, Domestic
=650  \2$aAnimals, Wild
=650  \2$aArtiodactyla
=650  \2$aBiodiversity
=650  \2$aCommunicable Disease Control$xmethods
=650  \2$aCommunicable Diseases, Emerging$xepidemiology$xveterinary.
=650  \2$aForecasting
=650  \2$aGreenhouse Effect
=650  \2$aHost-Pathogen Interactions$xphysiology
=650  \2$aPerissodactyla
=650  \2$aPredictive Value of Tests
=650  \2$aRisk Assessment
=650  \2$aSentinel Surveillance$xveterinary
=651  \3$aNorth America
=653  \0$aresearch methods
=700  1\$aPolley, L.
=700  1\$aJenkins, E.J.
=700  1\$aKutz, S.J.
=773  0\$tRevue scientifique et technique.$g2008 Aug., v.  27, no.  2 p.511-528$x0253-1933$7nnas
=787  1\$oproduct_pubag
=787  1\$oislandora_article_repository
=787  1\$oislandora_pubag_with_text
=852  \\$aDNAL
=856  40$uhttps://handle.nal.usda.gov/10113/44710$3Available in the National Agricultural Library PubAg search system
=912  \\$aArticle
=914  \\$fRevue scientifique et technique
=917  \\$aissued
=930  \\$a20101028$b20101108$c00000000
=935  \\$aIND44398679$9ExL
=945  \\$aIND$dGAY$e2010/10/20
=946  \\$aNon-US
=949  \\$a2014-07-17
=952  \\$a20101028 20101108 00000000$bIND GAY 2010/10/20
=961  \\$aUSDA/ARS
=974  \\$aagid:44710
=984  \\$a2010-11-08
=985  \\$aConverted from MARCXML to MODS version 3.4 using MARC21slim2MODS3-4.xsl (Revision 1.95 2014/04/23)
=986  \\$a4398679

