=LDR  03991nab a2200709 u 4500
=001  9915887673507426
=005  20221116161119.0
=008  091127e200912\\xx\|||||o|||||||||||eng||
=016  7\$aIND44293455$2DNAL
=024  7\$a10.1007/s10584-009-9615-1$2doi
=024  7\$a10113/44757$2hdl
=035  \\$aagid:44757-01nal_inst
=040  \\$aAGL$beng$cAGL
=072  \0$aB200
=072  \0$aL100
=072  \0$aL600
=100  1\$aMader, Terry L.
=245  10$aPotential climate change effects on warm-season livestock production in the Great Plains
=300  \\$ap. 529-541.
=500  \\$aIncludes references
=520  \\$aProjected production responses were derived for confined swine and beef and for milk-producing dairy cattle based on climate change projections in daily ambient temperature. Milk production from dairy cattle and the number of days to grow swine and beef cattle were simulated. Values were obtained for three central United States transects and three climate scenarios which were based on projected mean daily ambient temperatures associated with a baseline, doubling, and tripling of atmospheric greenhouse gas (CO₂) levels for the period June 1 to October 31. For swine, a slight northwest to southeast gradient is evident. Transect 1 (west side) shows no losses under the doubling scenario and losses up to 22.4% under the tripling scenario. Transect 3 (east side) displays losses of over 70% under the tripling scenario. For beef, positive benefits were simulated in Transect 1 with increasing temperatures, although a northwest to southeast gradient was also evident. For dairy, no positive benefits in milk production were found due to climate effects. Projected production declines ranged from 1% to 7.2%, depending on location. However, ranges in predicted differences were less than those simulated for beef and swine. These simulations suggest regional differences in animal production due to climate change will be apparent. For small changes in climate conditions, animals will likely be able to adapt, while larger changes in climate conditions will likely dictate that management strategies be implemented. Exploration of the effects of climate changes on livestock should allow producers to adjust management strategies to reduce potential impact and economic losses due to environmental changes.
=593  \\$aPubAg article
=593  \\$cUSDA submission
=650  \3$alivestock production
=650  \3$aclimate change
=650  \3$amilk production
=650  \3$aswine
=650  \3$abeef cattle
=650  \3$aanimal growth
=650  \3$agreenhouse gases
=650  \3$aelevated atmospheric gases
=650  \3$aambient temperature
=650  \3$asimulation models
=650  \3$acarbon dioxide
=651  \3$aGreat Plains region
=700  1\$aFrank, Katrina L.
=700  1\$aHarrington, John A. Jr.
=700  1\$aHahn, G. Leroy
=700  1\$aNienaber, John A.
=773  0\$tClimatic change.$g2009 Dec., v.  97, no.  3-4 p.529-541$dSpringer Netherlands$x0165-0009$7nnas
=787  1\$oproduct_pubag
=787  1\$oislandora_article_repository
=787  1\$oislandora_pubag_with_text
=787  1\$o(Journal)jnl8952
=852  \\$aDNAL
=856  40$uhttps://handle.nal.usda.gov/10113/44757$3Available in the National Agricultural Library PubAg search system
=856  40$uhttp://dx.doi.org/10.1007/s10584-009-9615-1$3Available from publisher's Web site
=912  \\$aArticle
=914  \\$aJournal:jnl8952$b0165-0009$c97$d3-4$e529
=914  \\$fClimatic change
=917  \\$aissued
=930  \\$a20101028$b20101108$c00000000
=935  \\$aIND44293455$9ExL
=945  \\$aIND$dGAY$e2010/10/28
=946  \\$aNon-US
=949  \\$a2016-09-13
=952  \\$a20101028 20101108 00000000$bIND GAY 2010/10/28
=961  \\$aUSDA/ARS
=974  \\$aagid:44757
=984  \\$a2010-11-08
=985  \\$aConverted from MARCXML to MODS version 3.4 using MARC21slim2MODS3-4.xsl (Revision 1.95 2014/04/23)
=986  \\$a4293455

