=LDR  04813nab a2200949 u 4500
=001  9915887674507426
=005  20221207074808.0
=008  100824e201008\\xx\|||||o|||||||||||eng||
=016  7\$aIND44416935$2DNAL
=024  7\$a20422252$2pmid
=024  7\$aPMC2919982$2pmcid
=024  7\$a10.1007/s10393-010-0308-z$2doi
=024  7\$a10113/44766$2hdl
=035  \\$aagid:44766-01nal_inst
=040  \\$aAGL$beng$cAGL
=072  \0$aB200
=072  \0$aL823
=072  \0$aL821
=100  1\$aLaaksonen, Sauli
=245  10$aClimate Change Promotes the Emergence of Serious Disease Outbreaks of Filarioid Nematodes
=300  \\$ap. 7-13.
=500  \\$aIncludes references
=500  \\$a2019-12-06
=506  \\$aResource is Open Access$uhttp://purl.org/eprint/accessRights/OpenAccess
=520  \\$aFilarioid parasites represent major health hazards with important medical, veterinary, and economic implications, and considerable potential to affect the everyday lives of tens of millions of people globally (World Health Organization, 2007). Scenarios for climate change vary latitudinally and regionally and involve direct and indirect linkages for increasing temperature and the dissemination, amplification, and invasiveness of vector-borne parasites. High latitude regions are especially influenced by global climate change and thus may be prone to altered associations and dynamics for complex host-pathogen assemblages and emergence of disease with cascading effects on ecosystem structure. Although the potential for substantial ecological perturbation has been identified, few empirical observations have emanated from systems across the Holarctic. Coincidental with decades of warming, and anomalies of high temperature and humidity in the sub-Arctic region of Fennoscandia, the mosquito-borne filarioid nematode Setaria tundra is now associated with emerging epidemic disease resulting in substantial morbidity and mortality for reindeer and moose. We describe a host-parasite system that involves reindeer, arthropods, and nematodes, which may contribute as a factor to ongoing declines documented for this ungulate species across northern ecosystems. We demonstrate that mean summer temperatures exceeding 14°C drive the emergence of disease due to S. tundra. An association between climate and emergence of filarioid parasites is a challenge to ecosystem services with direct effects on public health, sustainability of free-ranging and domestic ungulates, and ultimately food security for subsistence cultures at high latitudes.
=593  \\$aPubAg article
=593  \\$cUSDA submission
=506  0\$fUnrestricted online access$2star
=650  \3$aRangifer tarandus
=650  \3$ahost-parasite relationships
=650  \3$aair temperature
=650  \3$adisease outbreaks
=650  \3$areindeer
=650  \3$aanimal parasitic nematodes
=650  \3$aglobal warming
=650  \3$asummer
=650  \3$amosquito-borne diseases
=650  \3$aSetaria (Nematoda)
=650  \2$aAnimals
=650  \2$aClimate Change
=650  \2$aCommunicable Diseases, Emerging$xparasitology$xtransmission$xveterinary.
=650  \2$aDisease Outbreaks
=650  \2$aDisease Vectors
=650  \2$aEcosystem
=650  \2$aHost-Parasite Interactions$xphysiology
=650  \2$aNematoda$xgrowth & development$xphysiology.
=650  \2$aNematode Infections$xparasitology$xtransmission$xveterinary.
=650  \2$aReindeer
=650  \2$aTemperature
=651  \3$aFinland
=651  \0$aArctic regions.
=653  \0$aSetaria tundra
=653  \0$avector-borne diseases
=700  1\$aPusenius, Jyrki
=700  1\$aKumpula, Jouko
=700  1\$aVenalainen, Ari
=700  1\$aKortet, Raine
=700  1\$aOksanen, Antti
=700  1\$aHoberg, Eric
=773  0\$tEcoHealth.$g2010 Aug., v.  7, no.  1 p.7-13$x1612-9210$7nnas
=787  1\$oproduct_pubag
=787  1\$oislandora_article_repository
=787  1\$oislandora_pubag_with_text
=787  1\$o(Journal)jnl4378570
=852  \\$aDNAL
=856  40$uhttps://handle.nal.usda.gov/10113/44766$3Available in the National Agricultural Library PubAg search system
=856  40$uhttp://dx.doi.org/10.1007/s10393-010-0308-z$3Available from publisher's Web site
=912  \\$aArticle
=914  \\$aJournal:jnl4378570$b1612-9210$c7$d1$e7
=914  \\$fEcoHealth
=917  \\$aissued
=930  \\$a20101028$b20101108$c00000000
=935  \\$aIND44416935$9ExL
=945  \\$aIND$dGAY$e2010/10/28
=946  \\$aNon-US
=949  \\$a2014-07-17
=952  \\$a20101028 20101108 00000000$bIND GAY 2010/10/28
=961  \\$aUSDA/ARS
=974  \\$aagid:44766
=984  \\$a2010-11-08
=985  \\$aConverted from MARCXML to MODS version 3.4 using MARC21slim2MODS3-4.xsl (Revision 1.95 2014/04/23)
=986  \\$a4416935

