=LDR  04935nab a2200781 u 4500
=001  9915894260607426
=005  20221215142607.0
=008  190411e201610\\xx\|||||o|||||||||||eng||
=016  7\$aIND605437583$2DNAL
=024  7\$a10113/5437583$2hdl
=024  7\$a10.1016/j.forpol.2015.09.001$2doi
=024  7\$a10.1016/j.forpol.2015.09.001$2chorus
=035  \\$aagid:5437583-01nal_inst
=040  \\$aAGL$beng$cAGL
=100  1\$aWalton, Z. L.$eauthor$uDougherty and Dougherty Forest Services Inc., Danielsville, GA, United States
=245  10$aExploring the role of forest resources in reducing community vulnerability to the heat effects of climate change
=300  \\$ap. 94-102.
=506  \\$aResource is Open Access$uhttp://purl.org/eprint/accessRights/OpenAccess
=506  \\$aCHORUS License Information
=520  \\$aWhile the growing literature on forest ecosystem services has examined the value and significance of a range of services, our understanding of the health-related benefits of ecosystem services from forests is still limited. To characterize the role of forest resources in reducing community vulnerability to the heat effects of climate change, a general index of heat vulnerability (HEVI) was developed through Principle Components Analysis (PCA) and subsequently used within ANVOA and Poisson regression to assess the relationship between the amount and type of forest resources (species, management regime, spatial pattern) and a county's vulnerability to the heat effects of climate change. Results of the ANOVA showed significant differences in the extent and characteristics of forests among counties experiencing different levels of heat vulnerability. The Poisson regression using county heat mortality as the dependent variable found forest characteristics to have a significant influence on heat mortality when other determinants of vulnerability were controlled. A negative and significant relationship was specifically found between forest area and heat related mortality, which supports the hypothesis that the extent of forest coverage helps to alleviate vulnerability associated with heat effects. These findings have important implications for understanding the role of forest ecosystem services in reducing a community's vulnerability to the heat effects of climate change. Findings will also be useful in guiding land use planning and preserving desirable forest characteristics to help communities adapt to climate change.
=592  \\$aPublisher supplied data
=593  \\$aPubAg article
=596  \\$cUSDA Forest Service, Southern Research Station$dhttps://doi.org/10.13039/100006959
=506  0\$fUnrestricted online access$2star
=650  \3$aanalysis of variance
=650  \3$aclimate change
=650  \3$aecosystem services
=650  \3$aforest ecosystems
=650  \3$aforest resources
=650  \3$aheat
=650  \3$aland use planning
=650  \3$amortality
=650  \3$aprincipal component analysis
=653  \0$aEcosystem services
=653  \0$aPublic health
=653  \0$aMortality
=653  \0$aAdaptation
=653  \0$aCounties
=653  \0$aLand use
=653  \0$aHeat index
=653  \0$aPoisson model
=700  1\$aPoudyal, N. C.$eauthor$uDepartment of Forestry, Wildlife, and Fisheries, University of Tennessee, Knoxville, TN, United States$1https://orcid.org/0000-0003-1230-0679
=700  1\$aHepinstall-Cymerman, J.$eauthor$uWarnell School of Forestry and Natural Resources, University of Georgia, Athens, GA, United States
=700  1\$aJohnson Gaither, C.$eauthor$uUSDA Forest Service, Southern Research Station, Athens, GA, United States
=700  1\$aBoley, B. B.$eauthor$uWarnell School of Forestry and Natural Resources, University of Georgia, Athens, GA, United States
=773  0\$tForest policy and economics.$g2016 Oct., v. 71 p.94-102$dElsevier B.V.$aElsevier B.V.$wJournal:jnl64120$x1389-9341$7nnas
=787  1\$oislandora_article_repository
=787  1\$oproduct_pubag
=787  1\$o(Journal)jnl64120
=856  40$uhttps://dx.doi.org/10.1016/j.forpol.2015.09.001$3Available from publisher's site
=856  40$uhttps://handle.nal.usda.gov/10113/5437583$3Available in the National Agricultural Library PubAg search system
=912  \\$aArticle
=914  \\$aJournal:jnl64120$b1389-9341$c71$e94
=914  \\$fForest policy and economics
=916  \\$aBatch:1456
=917  \\$aissued
=918  2\$aElsevier Consyn$eprovider$5DNAL
=935  \\$aIND605437583$9ExL
=949  \\$a2020-03-06
=953  \\$a/data/metadata/incoming/consyn-backfiles/46-2-00097-HEAD-ONLY.zip
=954  \\$afile:/data/metadata/staging/consyn-backfiles/S1389934115300447.xml
=955  \\$a/data/metadata/staging/consyn-backfiles/
=961  \\$aUSDA/FSUSDA
=962  \\$aUSDA Scientist Submission; eISSN 1872-7050
=962  \\$aMissing ISSN
=974  \\$aagid:5437583
=983  \\$a2019-04-11
=984  \\$a2022-09-06

