=LDR  02654nab a2200529 u 4500
=001  9915895127907426
=005  20221116153232.0
=008  210115s2020\\\\xx\|||||o|||||||||||eng||
=016  7\$aIND607235741$2DNAL
=024  7\$a10.5304/jafscd.2020.093.006$2doi
=035  \\$aagid:7235741-01nal_inst
=040  \\$aAGL$beng$cAGL
=100  1\$aBlattner, Charlotte E.$eauthor$uVisiting Researcher, Animal Law & Policy Program, Harvard Law School; 1585 Massachusetts Avenue; Bence Hall - 3rd Floor, Office 311; Cambridge, MA 02138 USA
=245  10$aJust Transition for Agriculture? A Critical Step in Tackling Climate Change
=300  \\$ap. 53-58.
=500  \\$aNAL-light
=520  \\$aJust Transition has become an established discursive and conceptual framework to transition economic industries toward a low-carbon and climate-resilient future. In the coal and mining industry in particular, it has gained a foothold and transformed politics and livelihoods. In other areas, like animal agriculture, which is equally damaging to the climate, the need for change and the deployment of Just Transition to achieve it are not yet established. Drawing on the most recent scientific insights by the Intergovernmental Panel on Climate Change (IPCC), this viewpoint argues that transitioning toward a low-carbon production is just as imperative in agriculture. Specifically, it demands that we move away from animal agriculture. The viewpoint concludes by sketching possible areas and means of intervention.
=593  \\$aPubAg article
=593  \\$dKeyed article
=595  \\$a693$balice.allen$c2021-01-21$damanda.xu$e2021-01-22
=650  \3$aUnited Nations Framework Convention on Climate Change
=650  \3$aagriculture
=650  \3$aanimals
=650  \3$aclimate
=650  \3$aclimate change
=650  \3$acoal
=650  \3$acommunity development
=650  \3$alivelihood
=650  \3$amining
=650  \3$apolitics
=773  0\$tJournal of agriculture, food systems, and community development.$g2020, v. 9, no. 3 p.53-58$dNew Leaf Associates, Inc.$wJournal:6226$x2152-0801$7nnas
=787  1\$oislandora_article_repository
=787  1\$oproduct_pubag
=787  1\$o(Journal)6226
=856  40$uhttp://dx.doi.org/10.5304/jafscd.2020.093.006
=912  \\$aArticle
=914  \\$aJournal:6226
=914  \\$fJournal of agriculture, food systems, and community development
=916  \\$aBatch:2649
=917  \\$aissued
=935  \\$aIND607235741$9ExL
=949  \\$a2021-03-18
=961  \\$aUSDA
=962  \\$aUSDA Scientist Submission; eISSN 2152-0801
=974  \\$aagid:7235741
=983  \\$a2021-01-15
=984  \\$a2021-03-18

