=LDR  03122nab a2200721 u 4500
=001  9915895633807426
=005  20221116155620.0
=008  090629e200806\\xx\|||||o|||||||||||eng||
=016  7\$aIND44225623$2DNAL
=024  7\$a10.2111/1551-501X(2008)30[46:CCAEOA]2.0.CO;2$2doi
=024  7\$a10113/30518$2hdl
=035  \\$aagid:30518-01nal_inst
=040  \\$aAGL$beng$cAGL
=072  \0$aB200
=072  \0$aF130
=072  \0$aF300
=100  1\$aAngerer, Jay
=245  10$aClimate Change and Ecosystems of Asia With Emphasis on Inner Mongolia and Mongolia
=300  \\$ap. 46-51.
=500  \\$aIncludes references
=500  \\$a2019-12-05
=520  \\$a Being the most populated continent on the planet, Asia offers enormous lands for livestock, where more than half of its people live in rural areas and use the rangelands for their livelihood. For many Asian countries, rangelands represent a major land category. One country that heavily relies on rangelands is Mongolia. In Inner Mongolia and Mongolia, livestock production on rangelands is a major source of wealth and well being. However, projections relating to climate change show that Mongolia and Inner Mongolia rangelands will experience increased annual temperatures from 2.5-5.0 degrees Celsius, with increases occurring during both the winter and summer months. In the winter months across the region, precipitation will increase, and there will be a slight decrease in precipitation across the western desert steppe and a slight increase in annual precipitation across the meadow steppe to the east.
=593  \\$aPubAg article
=593  \\$cUSDA submission
=650  \3$asimulation models
=650  \3$aenvironmental impact
=650  \3$arangelands
=650  \3$aair temperature
=650  \3$adrought
=650  \3$aclimate change
=650  \3$aecosystems
=650  \3$aland use
=650  \3$aprediction
=651  \3$aMongolia
=651  \3$aChina
=651  \0$aAsia
=653  \0$aprecipitation
=700  1\$aHan, Guodong
=700  1\$aFujisaki, Ikuko
=700  1\$aHavstad, Kris
=773  0\$tRangelands.$g2008 June, v.  30, no.  3 p.46-51$x1551-501X$7nnas
=787  1\$oproduct_pubag
=787  1\$oislandora_article_repository
=787  1\$oislandora_pubag_with_text
=787  1\$o(Journal)3143
=852  \\$aDNAL
=856  40$uhttps://handle.nal.usda.gov/10113/30518$3Available in the National Agricultural Library PubAg search system
=856  40$uhttp://dx.doi.org/10.2111/1551-501X(2008)30[46:CCAEOA]2.0.CO;2$3Available from publisher's Web site
=912  \\$aArticle
=914  \\$aJournal:3143$b1551-501X$c30$d3$e46
=914  \\$fRangelands
=917  \\$aissued
=930  \\$a20090701$b20090703$c00000000
=935  \\$aIND44225623$9ExL
=945  \\$aIND$dGAY$e2009/07/01
=946  \\$aOther US
=949  \\$a2014-07-17
=952  \\$a20090701 20090703 00000000$bIND GAY 2009/07/01
=961  \\$aUSDA/ARS
=974  \\$aagid:30518
=984  \\$a2009-07-04
=985  \\$aConverted from MARCXML to MODS version 3.4 using MARC21slim2MODS3-4.xsl (Revision 1.95 2014/04/23)
=986  \\$a4225623

