=LDR  05047nab a2200781 u 4500
=001  9915896754707426
=005  20221116164751.0
=008  220628e202103\\xx\|||||o|||||||||||eng||
=016  7\$aIND607325295$2DNAL
=024  7\$a10.1007/s10584-021-03057-5$2doi
=035  \\$aagid:7325295-01nal_inst
=040  \\$aAGL$beng$cAGL
=100  1\$aPeters-Lidard, Christa D.$eauthor$uEarth Sciences Division, NASA Goddard Space Flight Center, Greenbelt, MD, 20771, USA. christa.peters@nasa.gov$1https://orcid.org/0000-0003-1255-2876
=245  10$aIndicators of climate change impacts on the water cycle and water management
=300  \\$ap. 36.
=520  \\$aManaging water is a top social and economic responsibility and is expected to become even more critical as climate change, in addition to other human activities, alters water availability and quality. Robust indicators reflecting the effects of climate change on the US and global water cycles are needed in order to appropriately manage water resources. Here, we describe a suite of seventeen water cycle and management indicators, which are based on synthesis of available datasets. These indicators include average and heavy precipitation, standardized precipitation index, annual, 7-day low and 3-day high streamflow volume, streamflow timing, snow cover, snow water equivalent, groundwater level, lake water temperature, stream water temperature, dissolved oxygen, salinity, Palmer Drought Severity Index, water withdrawals, and water use. We also identify three indicators that could be included in the suite of water cycle and management indicators with some additional, directed work: snowfall, evapotranspiration, and soil moisture. Our conceptual framework focuses on known water cycle changes in addition to potential effects on management and addresses water quantity and quality, as well as water use and related interactions with freshwater ecosystems, societal impacts, and management. Water cycle indicators are organized into three categories: (1) hydrologic processes, (2) water quality processes, and (3) water quality and quantity impacts. Indicators described here are recommended to serve as critical references for periodic climate assessments. As such, these indicators support analyses of the effects of global change on the natural environment, agriculture, energy, and water resources, among other sectors. Additionally, we identify research gaps and needs that can be addressed to advance the development of future indicators.
=592  \\$aPublisher supplied data
=593  \\$aPubAg article
=650  \3$aclimate
=650  \3$aclimate change
=650  \3$adata collection
=650  \3$adrought
=650  \3$aenergy
=650  \3$aevapotranspiration
=650  \3$afreshwater
=650  \3$ahumans
=650  \3$ahydrologic cycle
=650  \3$alakes
=650  \3$aoxygen
=650  \3$asalinity
=650  \3$asnow
=650  \3$asnowpack
=650  \3$asoil water
=650  \3$astream flow
=650  \3$astreams
=650  \3$awater management
=650  \3$awater quality
=650  \3$awater quantity
=650  \3$awater table
=650  \3$awater temperature
=700  1\$aRose, Kevin C.$eauthor$uDepartment of Biological Sciences, Rensselaer Polytechnic Institute, Troy, NY, 12180, USA
=700  1\$aKiang, Julie E.$eauthor$uU.S. Geological Survey, Water Mission Area, Reston, VA, 20192, USA
=700  1\$aStrobel, Michael L.$eauthor$uUSDA Natural Resources Conservation Service, National Water and Climate Center, Portland, OR, 97232, USA
=700  1\$aAnderson, Michael$q(Michael L.),$eauthor$uCalifornia Department of Water Resources, Sacramento, CA, 95821, USA
=700  1\$aByrd, Aaron R.$eauthor$uCoastal and Hydraulics Laboratory, Engineer Research and Development Center, US Army Corps of Engineers, Vicksburg, MS, 39180, USA
=700  1\$aKolian, Michael J.$eauthor$uU.S. Environmental Protection Agency, Washington, DC, USA
=700  1\$aBrekke, Levi D.$eauthor$uBureau of Reclamation, Denver, CO, 80225, USA
=700  1\$aArndt, Derek S.$eauthor$uNOAA National Centers for Environmental Information, Asheville, NC, 28801, USA
=773  0\$tClimatic change.$g2021 Mar., v. 165, no. 1-2 p.36-36$dSpringer Netherlands$wJournal:jnl8952$x0165-0009$7nnas
=787  1\$oislandora_article_repository
=787  1\$oproduct_pubag
=787  1\$o(Journal)jnl8952
=856  40$uhttps://dx.doi.org/10.1007/s10584-021-03057-5$3Available from publisher's site
=912  \\$aArticle
=914  \\$aJournal:jnl8952$b0165-0009$c165$d1-2$e36
=914  \\$fClimatic change
=916  \\$aBatch:10086
=917  \\$aissued
=918  2\$aSpringer$eprovider$5DNAL
=935  \\$aIND607325295$9ExL
=949  \\$a2021-04-18
=953  \\$a/data/metadata/incoming/springer/ftp_PUB_22-06-28_05-25-00.zip
=954  \\$afile:/data/metadata/staging/springer/10584-165-1-2.xml
=955  \\$a/data/metadata/staging/springer/
=961  \\$aUSDA/NRCS
=974  \\$aagid:7325295
=983  \\$a2022-06-28
=984  \\$a2022-06-28

