=LDR  03259nab a2200649 u 4500
=001  9915896793707426
=005  20221116164931.0
=008  100216e200409\\xx\|||||o|||||||||||eng||
=016  7\$aIND44328156$2DNAL
=024  7\$a10.1023/B:CLIM.0000043159.33816.e5$2doi
=024  7\$a10113/38602$2hdl
=035  \\$aagid:38602-01nal_inst
=040  \\$aAGL$beng$cAGL
=072  \0$aB200
=072  \0$aF120
=072  \0$aX100
=100  1\$aChen, Chi-Chung
=245  10$aYield Variability as Influenced by Climate: A Statistical Investigation
=300  \\$ap. 239-261.
=500  \\$aIncludes references
=500  \\$a2019-12-05
=520  \\$aOne of the issues with respect to climate change involves its influence on the distribution of future crop yields. Many studies have been done regarding the effect on the mean of such distributions but few have addressed the effect on variance. Furthermore, those that have been done generally report the variance from crop simulators, not from observations. This paper examines the potential effects of climate change on crop yield variance in the context of current observed yields and then extrapolates to the effects under projected climate change. In particular, maximum likelihood panel data estimates of the impacts of climate on year-to-year yield variability are constructed for the major U.S. agricultural crops. The panel data technique used embodies a variance estimate developed along the lines of the stochastic production function approach suggested by Just and Pope. The estimation results indicate that changes in climate modify crop yield levels and variances in a crop-specific fashion. For sorghum, rainfall and temperature increases are found to increase yield level and variability. On the other hand, precipitation and temperature are individually found to have opposite effects on corn yield levels and variability.
=593  \\$aPubAg article
=650  \3$aanalysis of variance
=650  \3$agrain sorghum
=650  \3$asoybeans
=650  \3$acorn
=650  \3$awheat
=650  \3$aclimate change
=650  \3$acrop yield
=650  \3$atemperature
=651  \3$aUnited States
=653  \0$amathematics and statistics
=653  \0$aprecipitation
=700  1\$aMcCarl, Bruce A.
=700  1\$aSchimmelpfennig, David E.
=773  0\$tClimatic change.$g2004 Sept., v.  66, no.  1-2 p.239-261$7nnas
=787  1\$oproduct_pubag
=787  1\$oislandora_pubag_with_text
=787  1\$oislandora_article_repository
=852  \\$aDNAL
=856  40$uhttps://handle.nal.usda.gov/10113/38602$3Available in the National Agricultural Library PubAg search system
=856  40$uhttp://dx.doi.org/10.1023/B:CLIM.0000043159.33816.e5$3Available from publisher's Web site
=912  \\$aArticle
=914  \\$fClimatic change
=917  \\$aissued
=930  \\$a20100220$b20100305$c00000000
=935  \\$aIND44328156$9ExL
=945  \\$aIND$dGAY$e2010/02/19
=946  \\$aNon-US
=949  \\$a2016-09-13
=952  \\$a20100220 20100305 00000000$bIND GAY 2010/02/19
=961  \\$aUSDA/ERS
=974  \\$aagid:38602
=984  \\$a2010-03-06
=985  \\$aConverted from MARCXML to MODS version 3.4 using MARC21slim2MODS3-4.xsl (Revision 1.95 2014/04/23)
=986  \\$a4328156

