=LDR  04899nab a2200745 u 4500
=001  9915896953807426
=005  20221116172003.0
=008  220126s2021\\\\xx\|||||o|||||||||||eng||
=016  7\$aIND607642487$2DNAL
=024  7\$a10.1071/WF20190$2doi
=035  \\$aagid:7642487-01nal_inst
=040  \\$aAGL$beng$cAGL
=100  1\$aLiu, Yongqiang$uCenter for Forest Disturbance Science, USDA Forest Service, 320 Green Street, Athens, GA 30602, USA; and Corresponding author. 
=245  10$aProjection of future wildfire emissions in western USA under climate change: contributions from changes in wildfire, fuel loading and fuel moisture
=300  \\$ap. 1-13.
=520  \\$aNumerous devastating air pollution events from wildfire smoke occurred in this century in the western USA, leading to severe environmental consequences. This study projects future fire emissions in this region under climate change with a focus on comparing the relative contributions from future changes in burned area, fuel loading and fuel moisture. The three properties were projected using an empirical fire model, a dynamical global vegetation model and meteorological conditions respectively. The regional climate change scenarios for the western USA were obtained by dynamical downscaling of global climate projections. The results show overall increasing wildfires and fuel loading and decreasing fuel moisture. As a result, fire emissions are projected to increase by ~50% from 2001–2010 to 2050–2059. The changes in wildfires and fuel loading contribute nearly 75% and 25% of the total fire emission increase, respectively, but the contribution from fuel moisture change is minimal. The findings suggest that the air pollution events caused by wildfire smoke could become much more serious in the western USA by the middle of this century, and that it would be essential to take the future changes in fuel conditions into account to improve the accuracy of fire emission projections.
=592  \\$aPublisher supplied data
=593  \\$aPubAg article
=650  \3$aair pollution
=650  \3$aclimate
=650  \3$aclimate change
=650  \3$afuel moisture index
=650  \3$amodels
=650  \3$asmoke
=650  \3$avegetation
=650  \3$awildfires
=651  \3$aWestern United States
=653  \0$awildfire
=653  \0$aemission
=653  \0$afuel loading
=653  \0$afuel moisture
=653  \0$avegetation modelling
=653  \0$adynamical climate downscaling
=653  \0$afire potential index
=700  1\$aLiu, Yang$uDepartment of Environmental Health, Emory University, Atlanta, GA 30322, USA.
=700  1\$aFu, Joshua$uDepartment of Civil and Environmental Engineering, University of Tennessee, Knoxville, TN 37996, USA; and Climate Change Science Institute and Computational Sciences and Engineering Division, Oak Ridge National Laboratory, Oak Ridge, TN 37831, USA.
=700  1\$aYang, Cheng-En$uDepartment of Civil and Environmental Engineering, University of Tennessee, Knoxville, TN 37996, USA.
=700  1\$aDong, Xingyi$uDepartment of Civil and Environmental Engineering, University of Tennessee, Knoxville, TN 37996, USA.
=700  1\$aTian, Hanqin$uInternational Center for Climate and Global Change Research, School of Forestry and Wildlife Sciences, Auburn University, Auburn, AL 36849, USA.
=700  1\$aTao, Bo$uCollege of Agriculture, Food, and Environment, University of Kentucky, Lexington, KY 40546, USA.
=700  1\$aYang, Jia$uCollege of Forest Resources, Mississippi State University, Starkville, MS 39762, USA.
=700  1\$aWang, Yuhang$uSchool of Earth and Atmospheric Sciences, Georgia Institute of Technology, Atlanta, GA 30332, USA.
=700  1\$aZou, Yufei$uPacific Northwest National Laboratory, PO Box 999, Richland, WA 99352, USA.
=700  1\$aKe, Ziming$uDepartment of Atmospheric Sciences, Texas A&M University, College Station, TX 77843, USA.
=773  0\$tInternational journal of wildland fire.$g2021, v. 31, no. 1 p.1-13$dCSIRO Publishing$wJournal:jnl57534$x1049-8001$7nnas
=787  1\$oislandora_article_repository
=787  1\$oproduct_pubag
=787  1\$o(Journal)jnl57534
=856  40$uhttps://dx.doi.org/10.1071/WF20190$3Available from publisher's site
=912  \\$aArticle
=914  \\$aJournal:jnl57534$b1049-8001$c31$d1$e1
=914  \\$fInternational journal of wildland fire
=916  \\$aBatch:10228
=917  \\$aissued
=918  2\$aCommonwealth Scientific and Industrial Research Organisation (CSIRO)$eprovider$5DNAL
=935  \\$aIND607642487$9ExL
=949  \\$a2022-02-23
=952  \\$dNAL-AP-2-clean
=953  \\$a/data/metadata/incoming/csiro/WF_31_1.zip
=954  \\$afile:/data/metadata/staging/csiro/WF20190abs.xml
=955  \\$a/data/metadata/staging/csiro/
=961  \\$aUSDA/FS
=974  \\$aagid:7642487
=983  \\$a2022-01-26
=984  \\$a2022-02-21

