=LDR  04585nab a2200781 u 4500
=001  9915899316107426
=005  20221116194729.0
=008  100205e201003\\xx\|||||o|||||||||||eng||
=016  7\$aIND44323103$2DNAL
=024  7\$a10.1111/j.1365-2486.2009.01965.x$2doi
=024  7\$a10113/40326$2hdl
=035  \\$aagid:40326-01nal_inst
=040  \\$aAGL$beng$cAGL
=072  \0$aB200
=072  \0$aP050
=072  \0$aL300
=072  \0$aK001
=100  1\$aCARROLL, CARLOS
=245  10$aOptimizing resiliency of reserve networks to climate change: multispecies conservation planning in the Pacific Northwest, USA
=300  \\$ap. 891-904.
=500  \\$aIncludes references
=500  \\$a2019-12-05
=520  \\$aThe effectiveness of a system of reserves may be compromised under climate change as species' habitat shifts to nonreserved areas, a problem that may be compounded when well-studied vertebrate species are used as conservation umbrellas for other taxa. The Northwest Forest Plan was among the first efforts to integrate conservation of wide-ranging focal species and localized endemics into regional conservation planning. We evaluated how effectively the plan's focal species, the Northern Spotted Owl, acts as an umbrella for localized species under current and projected future climates and how the regional system of reserves can be made more resilient to climate change. We used the program maxent to develop distribution models integrating climate data with vegetation variables for the owl and 130 localized species. We used the program zonation to identify a system of areas that efficiently captures habitat for both the owl and localized species and prioritizes refugial areas of climatic and topographic heterogeneity where current and future habitat for dispersal-limited species is in proximity. We projected future species' distributions based on an ensemble of contrasting climate models, and incorporating uncertainty between alternate climate projections into the prioritization process. Reserve solutions based on the owl overlap areas of high localized-species richness but poorly capture core areas of localized species' distribution. Congruence between priority areas across taxa increases when refugial areas are prioritized. Although core-area selection strategies can potentially increase the conservation value and resilience of regional reserve systems, they accentuate contrasts in priority areas between species and over time and should be combined with a broadened taxonomic scope and increased attention to potential effects of climate change. Our results suggest that systems of fixed reserves designed for resilience can increase the likelihood of retaining the biological diversity of forest ecosystems under climate change.
=593  \\$aPubAg article
=593  \\$cUSDA submission
=650  \3$aendangered species
=650  \3$apopulation distribution
=650  \3$aStrix occidentalis
=650  \3$amodels
=650  \3$aclimate change
=650  \3$awildlife habitats
=650  \3$abioclimatology
=650  \3$aforests
=651  \3$aPacific States
=653  \0$azonation
=653  \0$aStrix occidentalis caurina,
=653  \0$awildlife management
=653  \0$abioclimatic niche
=653  \0$aspatial optimization
=653  \0$aconservation prioritization
=653  \0$aspecies distribution modeling
=653  \0$avegetation
=653  \0$aspotted owl
=700  1\$aDunk, Jeffrey R.
=700  1\$aMoilanen, Atte.
=773  0\$tGlobal change biology.$g2010 Mar., v.  16, no.  3 p.891-904$dBlackwell Publishing Ltd$x1354-1013$7nnas
=787  1\$oproduct_pubag
=787  1\$oislandora_article_repository
=787  1\$oislandora_pubag_with_text
=787  1\$o(Journal)jnl57021
=852  \\$aDNAL
=856  40$uhttps://handle.nal.usda.gov/10113/40326$3Available in the National Agricultural Library PubAg search system
=856  40$uhttp://dx.doi.org/10.1111/j.1365-2486.2009.01965.x$3Available from publisher's Web site
=912  \\$aArticle
=914  \\$aJournal:jnl57021$b1354-1013$c16$d3$e891
=914  \\$fGlobal change biology
=917  \\$aissued
=930  \\$a20100409$b20100501$c00000000
=935  \\$aIND44323103$9ExL
=945  \\$aIND$dGAY$e2010/04/09
=946  \\$aNon-US
=949  \\$a2016-09-13
=952  \\$a20100409 20100501 00000000$bIND GAY 2010/04/09
=961  \\$aUSDA/FS
=974  \\$aagid:40326
=984  \\$a2010-05-01
=985  \\$aConverted from MARCXML to MODS version 3.4 using MARC21slim2MODS3-4.xsl (Revision 1.95 2014/04/23)
=986  \\$a4323103

