=LDR  04541nab a2200721 u 4500
=001  9915899653007426
=005  20221207085322.0
=008  210305e20210325xx\|||||o|||||||||||eng||
=016  7\$aIND607193605$2DNAL
=024  7\$a10.1016/j.scitotenv.2020.143971$2chorus
=024  7\$a10.1016/j.scitotenv.2020.143971$2doi
=035  \\$aagid:7193605-01nal_inst
=040  \\$aAGL$beng$cAGL
=100  1\$aParker, Lauren$eauthor$uUSDA California Climate Hub, Davis, CA 95616, United States of America
=245  10$aClimate change reduces frost exposure for high-value California orchard crops
=500  \\$aNAL-AP-2-clean
=506  \\$aResource is Open Access$uhttp://purl.org/eprint/accessRights/OpenAccess
=506  \\$aCHORUS License Information
=520  \\$aFrost exposure is a particular challenge for cultivating perennial crops, whose adaptive capacity to weather and climate impacts is limited. Irrigation is a common means of mitigating damage, but draws on limited water resources, is costly, and energy intensive. Here we examined the projected impact of climate change on the incidence of frost temperatures during the coldest winters, defined by the 98th percentile of cool season (November-April) frost hours, under both early- and mid-21st century time periods, as compared to contemporary conditions, across a range of threshold temperatures. We focused on three high-value perennial orchard crops - almonds, avocados, and oranges - to assess the effects of climate change on the incidence of temperatures below crop-specific threshold temperatures and for crop-specific critical development phases, and what these temporal changes in frost exposure may mean for the water and energy requirements for mitigating damages. Across time periods and temperature thresholds, frost exposure declines in California's agricultural regions, with an average of reduction in frost exposure of 63% by the mid-21st century. The majority of almond and orange acreage saw 50-75% reductions in frost exposure by mid-century, while avocado acreage experienced >75% fewer frost hours. This yielded attendant reductions in water use and energy costs, and growers in the highest acreage counties may save more than 50,000 acre feet of water and {dollar}4.2 million in electricity costs for water pumping per year, collectively. Although climate change is projected to increase growing season crop water demands, pest pressures, and have an overall net-negative impact on agriculture, the potential reduction in frost exposure and the accompanying water and energy costs to mitigate frost damages may allow growers to reprioritize some of their long-term decisions around farm management.
=592  \\$aPublisher supplied data
=593  \\$aPubAg article
=596  \\$cUSDA$dhttps://doi.org/10.13039/100000199
=506  0\$fUnrestricted online access$2star
=650  \3$aacreage
=650  \3$aalmonds
=650  \3$aavocados
=650  \3$aclimate
=650  \3$aclimate change
=650  \3$acold season
=650  \3$aelectricity
=650  \3$aenergy
=650  \3$aenvironment
=650  \3$afarm management
=650  \3$afrost
=650  \3$airrigation
=650  \3$aorchards
=650  \3$apests
=650  \3$atemperature
=651  \3$aCalifornia
=653  \0$aAgriculture
=653  \0$aOranges
=700  1\$aPathak, Tapan$eauthor$uDivision of Agriculture and Natural Resources, University of California, Merced, CA 95343, United States of America
=700  1\$aOstoja, Steven$eauthor$uUSDA California Climate Hub, Davis, CA 95616, United States of America
=773  0\$tScience of the total environment.$g2021 Mar. 25, v. 762 p.143971-$dElsevier B.V.$aElsevier B.V.$wJournal:jnl4455$x0048-9697$7nnas
=787  1\$oislandora_article_repository
=787  1\$oproduct_pubag
=787  1\$o(Journal)jnl4455
=856  40$uhttps://dx.doi.org/10.1016/j.scitotenv.2020.143971$3Available from publisher's site
=912  \\$aArticle
=914  \\$aJournal:jnl4455$b0048-9697$e143971
=914  \\$fScience of the total environment
=916  \\$aBatch:10130
=917  \\$aissued
=918  2\$aElsevier Consyn$eprovider$5DNAL
=935  \\$aIND607193605$9ExL
=949  \\$a2021-09-14
=953  \\$a/data/metadata/incoming/consyn/976958156015992790-00002-HEAD-ONLY-NEW CONSYN ISSNS.ZIP
=954  \\$afile:/data/metadata/staging/consyn/S0048969720375021.xml
=955  \\$a/data/metadata/staging/consyn/
=961  \\$aUSDA/ARSUSDA
=974  \\$aagid:7193605
=983  \\$a2021-03-05
=984  \\$a2022-09-06

