=LDR  04709nab a2200781 u 4500
=001  9915899967307426
=005  20221116202818.0
=008  191213e201911\\xx\|||||o|||||||||||eng||
=016  7\$aIND606778136$2DNAL
=024  7\$a10.1002/ecs2.2934$2doi
=035  \\$aagid:6778136-01nal_inst
=040  \\$aAGL$beng$cAGL
=100  1\$aCassell, Brooke A.$eauthor$uEnvironmental Science and Management Department, Portland State University, Portland, Oregon, USA
=245  10$aWidespread severe wildfires under climate change lead to increased forest homogeneity in dry mixed‐conifer forests
=500  \\$aJOURNAL ARTICLE
=520  \\$aClimate warming in the western United States is causing changes to the wildfire regime in mixed‐conifer forests. Rising temperatures, longer fire seasons, increased drought, as well as fire suppression and changes in land use, have led to greater and more severe wildfire activity, all contributing to altered forest composition over the past century. To understand future interactions among climate, wildfire, and vegetation in a fire‐prone landscape in the southern Blue Mountains of central Oregon, we used a spatially explicit forest landscape model, LANDIS‐II, to simulate forest and fire dynamics under current management practices and two projected climate scenarios. The results suggest that wildfires will become more frequent, more extensive, and more severe under projected climate than contemporary climate. Furthermore, projected climate change generated a 20% increase in the number of extreme fire years (years with at least 40,000 ha burned). This caused large shifts in tree species composition, characterized by a decline in the sub‐alpine species (Abies lasiocarpa, Picea engelmannii, Pinus albicaulis) and increases in lower‐elevation species (Pinus ponderosa, Abies grandis), resulting in forest homogenization across the elevational gradient. This modeling study suggests that climate‐driven increases in fire activity and severity will make high‐elevation species vulnerable to decline and will reduce landscape heterogeneity. These results underscore the need for forest managers to actively consider climate change, altered fire regimes, and projected declines in sub‐alpine species in their long‐term management plans.
=592  \\$aPublisher supplied data
=593  \\$aPubAg article
=596  \\$cUS Department of Agriculture Forest Service National Fire Plan
=596  \\$aJFSP 14‐1‐01‐2$cJoint Fire Science Program
=596  \\$cMicrosoft Azure for Research
=596  \\$cPortland State University's Ed and Olive Bushby Scholarship Fund
=596  \\$cU.S. Department of Agriculture Forest Service National Fire Plan
=650  \3$aAbies grandis
=650  \3$aAbies lasiocarpa
=650  \3$aPicea engelmannii
=650  \3$aPinus albicaulis
=650  \3$aPinus ponderosa
=650  \3$aaltitude
=650  \3$aclimate
=650  \3$adrought
=650  \3$afire regime
=650  \3$afire suppression
=650  \3$aforests
=650  \3$aglobal warming
=650  \3$aland use
=650  \3$alandscapes
=650  \3$amodels
=650  \3$amountains
=650  \3$aspecies diversity
=650  \3$atemperature
=650  \3$atrees
=650  \3$awildfires
=651  \3$aOregon
=700  1\$aScheller, Robert M.$eauthor$uDepartment of Forestry and Environmental Resources, North Carolina State University, Raleigh, North Carolina, USA
=700  1\$aLucash, Melissa S.$eauthor$uDepartment of Geography, Portland State University, Portland, Oregon, USA
=700  1\$aHurteau, Matthew D.$eauthor$uDepartment of Biology, University of New Mexico, Albuquerque, New Mexico, USA
=700  1\$aLoudermilk, E. Louise$eauthor$uSouthern Research Station, Center for Forest Disturbance Science, USDA Forest Service, Athens, Georgia, USA
=773  0\$tEcosphere.$g2019 Nov., v. 10, no. 11 p.e02934-$dJohn Wiley & Sons, Ltd$wJournal:12363$x2150-8925$7nnas
=787  1\$oislandora_article_repository
=787  1\$oproduct_pubag
=787  1\$o(Journal)12363
=856  40$uhttp://dx.doi.org/10.1002/ecs2.2934$3Available from publisher's site
=912  \\$aArticle
=914  \\$aJournal:12363$b2150-8925$c10$d11$ee02934
=914  \\$fEcosphere
=916  \\$aBatch:2617
=917  \\$aissued
=918  2\$aJohn Wiley & Sons, Inc$eprovider$5DNAL
=935  \\$aIND606778136$9ExL
=949  \\$a2020-12-10
=953  \\$a/data/metadata/incoming/wiley/21508925_2019_10_11.xml
=954  \\$afile:/data/metadata/staging/wiley/21508925_2019_10_11.xml
=955  \\$a/data/metadata/staging/wiley/
=961  \\$aUSDA/FS
=974  \\$aagid:6778136
=983  \\$a2019-12-13
=984  \\$a2020-12-10

