=LDR  04719nab a2200661 u 4500
=001  9915900993807426
=005  20221116221010.0
=008  220112e202012\\xx\|||||o|||||||||||eng||
=016  7\$aIND607225100$2DNAL
=024  7\$a10.1007/s10584-020-02944-7$2doi
=035  \\$aagid:7225100-01nal_inst
=040  \\$aAGL$beng$cAGL
=100  1\$aPetrie, M. D.$eauthor$uSchool of Life Sciences, University of Nevada Las Vegas, Las Vegas, NV, USA. matthew.petrie@unlv.edu$1https://orcid.org/0000-0001-5532-8829
=245  10$aNon-analog increases to air, surface, and belowground temperature extreme events due to climate change
=300  \\$ap. 2233-2256.
=520  \\$aAir temperatures (Ta) are rising in a changing climate, increasing extreme temperature events. Examining how Ta increases are influencing extreme temperatures at the soil surface and belowground in the soil profile can refine our understanding of the ecological consequences of rising temperatures. In this paper, we validate surface and soil temperature (Ts: 0-100-cm depth) simulations in the SOILWAT2 model for 29 locations comprising 5 ecosystem types in the central and western USA. We determine the temperature characteristics of these locations from 1980 to 2015, and explore simulations of Ta and Ts change over 2030-2065 and 2065-2100 time periods using General Circulation Model (GCM) projections and the RCP 8.5 emissions scenario. We define temperature extremes using a nonstationary peak over threshold method, quantified from standard deviations above the mean (0-σ: an event [Formula: see text] 51% of extreme events; 2-[Formula: see text]). Our primary objective is to contrast the magnitude (∘C) and frequency of occurrence of extreme temperature events between the twentieth and twenty-first century. We project that temperatures will increase substantially in the twenty-first century. Extreme Ta events will experience the largest increases by magnitude, and extreme Ts events will experience the largest increases by proportion. On average, 2-σ extreme Ts events will increase by 3.4 ∘C in 2030-2065 and by 5.3 ∘C in 2065-2100. Increases in extreme Ts events will often exceed + 10 ∘C at 0-20 cm by 2065-2100, and at 0-100 cm will often exceed 5.0 standard deviations above 1980-2015 values. 2-σ extreme Ts events will increase from 0.9 events per decade in 1980-2015 to 23 events in 2030-2065 and 38 events in 2065-2100. By 2065-2100, the majority of months will experience extreme events that co-occur at 0-100 cm, which did not occur in 1980-2015. These projections illustrate the non-analog temperature increases that ecosystems will experience in the twenty-first century as a result of climate change.
=592  \\$aPublisher supplied data
=593  \\$aPubAg article
=650  \3$aGeneral Circulation Models
=650  \3$aair
=650  \3$aair temperature
=650  \3$aclimate change
=650  \3$adepth
=650  \3$aecosystems
=650  \3$aemissions
=650  \3$aenvironmental impact
=650  \3$afrequency
=650  \3$aoccurrence
=650  \3$apaper
=650  \3$asoil profiles
=650  \3$asoil temperature
=650  \3$astandard deviation
=651  \3$aWestern United States
=700  1\$aBradford, J. B.$eauthor$uUS Geological Survey, Southwest Biological Science Center, Flagstaff, AZ, USA
=700  1\$aLauenroth, W. K.$eauthor$uSchool of Forestry and Environmental Studies, Yale University, New Haven, CT, USA
=700  1\$aSchlaepfer, D. R.$eauthor$uUS Geological Survey, Southwest Biological Science Center, Flagstaff, AZ, USA
=700  1\$aAndrews, C. M.$eauthor$uUS Geological Survey, Southwest Biological Science Center, Flagstaff, AZ, USA
=700  1\$aBell, D. M.$eauthor$uPacific Northwest Research Station, USDA Forest Service, Corvallis, OR, USA
=773  0\$tClimatic change.$g2020 Dec., v. 163, no. 4 p.2233-2256$dSpringer Netherlands$wJournal:jnl8952$x0165-0009$7nnas
=787  1\$oislandora_article_repository
=787  1\$oproduct_pubag
=787  1\$o(Journal)jnl8952
=856  40$uhttps://dx.doi.org/10.1007/s10584-020-02944-7$3Available from publisher's site
=912  \\$aArticle
=914  \\$aJournal:jnl8952$b0165-0009$c163$d4$e2233
=914  \\$fClimatic change
=916  \\$aBatch:2644
=917  \\$aissued
=918  2\$aSpringer$eprovider$5DNAL
=935  \\$aIND607225100$9ExL
=949  \\$a2021-03-01
=953  \\$a/data/metadata/incoming/springer/ftp_PUB_22-01-11_05-27-53.zip
=954  \\$afile:/data/metadata/staging/springer/10584-163-4.xml
=955  \\$a/data/metadata/staging/springer/
=961  \\$aUSDA/FS
=974  \\$aagid:7225100
=983  \\$a2022-01-12
=984  \\$a2022-01-12

