=LDR  04444nab a2200697 u 4500
=001  9915900998307426
=005  20221116220606.0
=008  220112e202012\\xx\|||||o|||||||||||eng||
=016  7\$aIND607225102$2DNAL
=024  7\$a10.1007/s10584-018-2222-2$2doi
=035  \\$aagid:7225102-01nal_inst
=040  \\$aAGL$beng$cAGL
=100  1\$aHatfield, Jerry L.$eauthor$uNational Laboratory for Agriculture and the Environment, USDA-ARS, Ames, IA, USA. jerry.hatfield@ars.usda.gov$1https://orcid.org/0000-0002-2981-8856
=245  10$aIndicators of climate change in agricultural systems
=300  \\$ap. 1719-1732.
=520  \\$aClimate change affects all segments of the agricultural enterprise, and there is mounting evidence that the continuing warming trend with shifting seasonality and intensity in precipitation will increase the vulnerability of agricultural systems. Agricultural is a complex system within the USA encompassing a large number of crops and livestock systems, and development of indicators to provide a signal of the impact of climate change on these different systems would be beneficial to the development of strategies for effective adaptation practices. A series of indicators were assembled to determine their potential for assessing agricultural response to climate change in the near term and long term and those with immediate capability of being implemented and those requiring more development. The available literature reveals indicators on livestock related to heat stress, soil erosion related to changes in precipitation, soil carbon changes in response to increasing carbon dioxide and soil management practices, economic response to climate change in agricultural production, and crop progress and productivity. Crop progress and productivity changes are readily observed data with a historical record for some crops extending back to the mid-1800s. This length of historical record coupled with the county-level observations from each state where a crop is grown and emerging pest populations provides a detailed set of observations to assess the impact of a changing climate on agriculture. Continued refinement of tools to assess climate impacts on agriculture will provide guidance on strategies to adapt to climate change.
=592  \\$aPublisher supplied data
=593  \\$aPubAg article
=650  \3$aagriculture
=650  \3$acarbon dioxide
=650  \3$aclimate
=650  \3$aclimate change
=650  \3$acrops
=650  \3$aheat stress
=650  \3$ahistorical records
=650  \3$alength
=650  \3$aliterature
=650  \3$alivestock
=650  \3$apests
=650  \3$apopulation
=650  \3$asoil carbon
=650  \3$asoil erosion
=650  \3$asoil management
=700  1\$aAntle, John$eauthor$uOregon State University, Corvallis, OR, USA
=700  1\$aGarrett, Karen A.$eauthor$uPlant Pathology Department, Institute for Sustainable Food Systems, and Emerging Pathogens Institute, University of Florida, Gainesville, FL, USA
=700  1\$aIzaurralde, Roberto Cesar$eauthor$uDepartment of Geographical Sciences, University of Maryland, College Park, MD, USA
=700  1\$aMader, Terry$eauthor$uUniversity of Nebraska, Lincoln, NE, USA
=700  1\$aMarshall, Elizabeth$eauthor$uEconomic Research Service, Washington, DC, USA
=700  1\$aNearing, Mark$eauthor$uUSDA-ARS, Tucson, AZ, USA
=700  1\$aPhilip Robertson, G.$eauthor$uKellogg Biological Station, Michigan State University, Lansing, MI, USA
=700  1\$aZiska, Lewis$eauthor$uUSDA-ARS, Beltsville, MD, USA
=773  0\$tClimatic change.$g2020 Dec., v. 163, no. 4 p.1719-1732$dSpringer Netherlands$wJournal:jnl8952$x0165-0009$7nnas
=787  1\$oislandora_article_repository
=787  1\$oproduct_pubag
=787  1\$o(Journal)jnl8952
=856  40$uhttps://dx.doi.org/10.1007/s10584-018-2222-2$3Available from publisher's site
=912  \\$aArticle
=914  \\$aJournal:jnl8952$b0165-0009$c163$d4$e1719
=914  \\$fClimatic change
=916  \\$aBatch:2644
=917  \\$aissued
=918  2\$aSpringer$eprovider$5DNAL
=935  \\$aIND607225102$9ExL
=949  \\$a2021-03-01
=953  \\$a/data/metadata/incoming/springer/ftp_PUB_22-01-11_05-27-53.zip
=954  \\$afile:/data/metadata/staging/springer/10584-163-4.xml
=955  \\$a/data/metadata/staging/springer/
=961  \\$aUSDA/ARS
=974  \\$aagid:7225102
=983  \\$a2022-01-12
=984  \\$a2022-01-12

