=LDR  01874nab a2200637 u 4500
=001  9915901139807426
=005  20221116142007.0
=008  080204s2007\\\\xx\|||||||||||||||||eng||
=016  7\$aIND44010317$2DNAL
=024  7\$a10113/15177$2hdl
=035  \\$aagid:15177-01nal_inst
=040  \\$aAGL$beng$cAGL
=072  \0$aF300
=072  \0$aB200
=100  1\$aKnapp, A.K.
=245  10$aNovel Climate Change Experiment Predicts Grasslands Future
=300  \\$ap. 65-75.
=500  \\$a2019-12-04
=593  \\$aPubAg article
=594  \\$aEmbargoed article
=650  \3$along term experiments
=650  \3$aair temperature
=650  \3$awater stress
=650  \3$arain
=650  \3$aglobal warming
=650  \3$asoil water
=650  \3$afield experimentation
=650  \3$aprairies
=650  \3$agrassland soils
=651  \3$aKansas
=653  \0$aclimate change
=653  \0$aglobal change models
=653  \0$aRainfall Manipulation Plots facility
=653  \0$agrasslands
=700  1\$aSmith, M.D.
=700  1\$aBlair, J.M.
=700  1\$aFay, P.A.
=773  0\$tNRI research highlights.$g2007,  p.65-75$7nnas
=787  1\$oproduct_pubag
=787  1\$oislandora_article_repository
=852  \\$aDNAL
=856  40$uhttps://handle.nal.usda.gov/10113/15177$3Available in the National Agricultural Library PubAg search system
=912  \\$aArticle
=914  \\$fNRI research highlights
=917  \\$aissued
=930  \\$a20080529$b20080606$c00000000
=935  \\$aIND44010317$9ExL
=945  \\$aIND$dRHF$e2008/05/29
=946  \\$aUSDA
=949  \\$a2014-07-17
=952  \\$a20080529 20080606 00000000$bIND RHF 2008/05/29
=961  \\$aUSDA/ARS
=974  \\$aagid:15177
=984  \\$a2008-06-06
=985  \\$aConverted from MARCXML to MODS version 3.4 using MARC21slim2MODS3-4.xsl (Revision 1.95 2014/04/23)
=986  \\$a4010317

