=LDR  04943nab a2200865 u 4500
=001  9915903348307426
=005  20221214225838.0
=008  220906e202210\\xx\|||||o|||||||||||eng||
=016  7\$aIND607889342$2DNAL
=024  7\$a392327$2aris
=024  7\$a10113/7889342$2hdl
=024  7\$a10.1016/j.envsoft.2022.105492$2doi
=024  7\$a441575$2aris_accn_no
=024  7\$a3090-13000-016-000D$2aris_project_no
=024  7\$a392327$2seq_no_115
=035  \\$aagid:7889342-01nal_inst
=040  \\$aAGL$beng$cAGL
=100  1\$aDing, Beibei$eauthor$uCollege of Land Science and Technology, China Agricultural University, Beijing, 100193, China
=245  10$aPost-processing R tool for SWAT efficiently studying climate change impacts on hydrology, water quality, and crop growth
=520  \\$aSoil and Water Assessment Tool (SWAT) is widely used for watershed-scale assessment of climate change impacts, but post-processing of model outputs is a tedious job. An R tool was developed in this study for batch processing of SWAT output results. A case study was then performed in the Double Mountain Fork Brazos watershed in the Texas Panhandle using an improved SWAT model with the R tool to evaluate the simulated future changes in water balance components, total nitrogen (TN) load, and crop growth over the watershed. The results showed that the average annual future surface runoff increased by 8.9-17.9 mm and 11.5-22.6 mm in the irrigated and dryland cotton areas, respectively. Similarly, future TN load in irrigated and dryland cotton areas increased by approximately 0.4-0.9 kg ha⁻¹ and 1.9-2.4 kg ha⁻¹. The yields of irrigated and dryland cotton increased by 91.1%-122.1% and 47.5%-84.0% under the future climate scenarios, respectively.
=592  \\$aPublisher supplied data
=593  \\$aPubAg article
=593  \\$eARIS manuscript
=650  \3$aSoil and Water Assessment Tool model
=650  \3$aarid lands
=650  \3$acase studies
=650  \3$aclimate
=650  \3$aclimate change
=650  \3$acomputer software
=650  \3$acotton
=650  \3$airrigation
=650  \3$arunoff
=650  \3$atotal nitrogen
=650  \3$awater quality
=650  \3$awatersheds
=651  \3$aTexas
=653  \0$aSWAT-MAD
=653  \0$aCMIP6
=653  \0$aHydrologic cycle
=653  \0$aTotal nitrogen load
=653  \0$aCotton
=653  \0$aSemi-arid region
=700  1\$aLiu, Haipeng$eauthor$uCollege of Land Science and Technology, China Agricultural University, Beijing, 100193, China
=700  1\$aLi, Yingxuan$eauthor$uCollege of Land Science and Technology, China Agricultural University, Beijing, 100193, China
=700  1\$aZhang, Xueliang$eauthor$uCollege of Land Science and Technology, China Agricultural University, Beijing, 100193, China
=700  1\$aFeng, Puyu$eauthor$uCollege of Land Science and Technology, China Agricultural University, Beijing, 100193, China
=700  1\$aLiu, De Li$eauthor$uNSW Department of Primary Industries, Wagga Wagga Agricultural Institute, Wagga Wagga, NSW, 2650, Australia
=700  1\$aMarek, Gary W.$eauthor$uUSDA-ARS Conservation and Production Research Laboratory, Bushland, TX, 79012, USA$1https://orcid.org/0000-0001-8682-2539
=700  1\$aAle, Srinivasulu$eauthor$uTexas A&M AgriLife Research and Extension Center at Vernon, Vernon, TX, 76384, USA
=700  1\$aBrauer, David K.$eauthor$uUSDA-ARS Conservation and Production Research Laboratory, Bushland, TX, 79012, USA
=700  1\$aSrinivasan, Raghavan$eauthor$uDepartment of Ecosystem Science and Management, Texas A&M University, College Station, TX, 77843, USA
=700  1\$aChen, Yong$eauthor$uCollege of Land Science and Technology, China Agricultural University, Beijing, 100193, China
=773  0\$tEnvironmental modelling & software.$g2022 Oct., v. 156 p.105492-$dElsevier Ltd$aElsevier Ltd$wJournal:11634$x1364-8152$7nnas
=787  1\$oislandora_article_repository
=787  1\$oproduct_pubag
=787  1\$o(Journal)11634
=856  40$uhttps://dx.doi.org/10.1016/j.envsoft.2022.105492$3Available from publisher's site
=856  40$uhttps://handle.nal.usda.gov/10113/7889342$3Available in the National Agricultural Library PubAg search system
=912  \\$aArticle
=914  \\$aJournal:11634$b1364-8152$e105492
=914  \\$fEnvironmental modelling & software
=917  \\$aissued
=918  2\$aElsevier Consyn$eprovider$5DNAL
=935  \\$aIND607889342$9ExL
=949  \\$a2022-09-01
=953  \\$a/data/metadata/incoming/consyn/146981299745904067-00004-HEAD-ONLY-NEW CONSYN ISSNS.ZIP
=954  \\$afile:/data/metadata/staging/consyn/S1364815222001955.xml
=955  \\$a/data/metadata/staging/consyn/
=961  \\$aUSDA/ARS
=962  \\$aUSDA Scientist Submission
=962  \\$aARIS manuscript submission
=962  \\$aARIS Manuscript
=974  \\$aagid:7889342
=983  \\$a2022-09-06
=984  \\$a2022-09-06

