=LDR  05505nab a2200661 u 4500
=001  9915904816007426
=005  20221116165644.0
=008  150812e201207\\xx\|||||o|||||||||||eng||
=016  7\$aIND44756508$2DNAL
=024  7\$a10.1016/j.agwat.2012.04.004$2doi
=035  \\$aagid:568744-01nal_inst
=040  \\$aAGL$beng$cAGL
=100  1\$aIslam, Adlul$eauthor$uUSDA-ARS Agricultural Systems Research Unit, 2150 Centre Avenue, Bldg D., Fort Collins, CO 80526, United States
=245  10$aModeling the impacts of climate change on irrigated corn production in the Central Great Plains
=300  \\$ap. 94-108.
=520  \\$aThe changes in temperature and precipitation patterns along with increasing levels of atmospheric carbon dioxide (CO₂) may change evapotranspiration (ET) demand, and affect water availability and crop production. An assessment of the potential impact of climate change and elevated CO₂ on irrigated corn (Zea mays L.) in the Central Great Plains of Colorado was conducted using the Root Zone Water Quality Model (RZWQM2) model. One hundred and twelve bias corrected and spatially disaggregated (BCSD) climate projections were used to generate four different multi-model ensemble scenarios of climate change: three of the ensembles represented the A1B, A2, and B1 emission scenarios and the fourth comprised of all 112 BCSD projections. Three different levels of irrigation, based on meeting 100, 75, and 50% of the crop ET demand, were used to study the climate change effects on corn yield and water use efficiency (WUE) under full and deficit irrigation. Predicted increases in mean monthly temperature during the crop growing period varied from 1.4 to 1.9, 2.1 to 3.4, and 2.7 to 5.4°C during the 2020s, 2050s, and 2080s, respectively, for the different climate change scenarios. During the same periods, the projected changes in mean monthly precipitation varied in the range of −4.5 to 1.7, −6.6 to 4.0 and −11.5 to 10.2%, respectively. Simulation results showed a decrease in corn yield, because the negative effects of increase in temperature dominated over the positive effects of increasing CO₂ levels. The mean overall decrease in yield for the four different climate change scenarios, with full irrigation, ranged from 11.3 to 14.0, 17.1 to 21.0, and 20.7 to 27.7% during the 2020s, 2050s, and 2080s, respectively, even though the CO₂ alone increased yield by 3.5 to 12.8% for the scenario representing ensembles of 112 projections (S1). The yield decrease was linearly related to the shortening of the growing period caused by increased temperature. Under deficit irrigation, the yield decreases were smaller due to increased WUE with elevated CO₂. Because of the shortened crop growing period and the CO₂ effect of decreasing the ET demand, there was a decrease in the required irrigation. Longer duration cultivars tolerant to higher temperatures may be one of the possible adaptation strategies. The amount of irrigation water needed to maintain the current yield for a longer duration corn cultivar, having the same WUE as the current cultivar, is projected to change in the range of −1.7 to 6.4% from the current baseline, under the four different scenarios of climate change evaluated in this research.
=592  \\$aPublisher supplied data
=593  \\$aPubAg article
=650  \3$aRoot Zone Water Quality Model
=650  \3$aZea mays
=650  \3$aatmospheric precipitation
=650  \3$acarbon dioxide
=650  \3$aclimate change
=650  \3$acorn
=650  \3$acrop yield
=650  \3$acultivars
=650  \3$adeficit irrigation
=650  \3$airrigation rates
=650  \3$airrigation water
=650  \3$atemperature
=650  \3$awater use efficiency
=651  \3$aColorado
=651  \3$aGreat Plains region
=700  1\$aAhuja, L.$q(Lajpat),$eauthor$uUSDA-ARS Agricultural Systems Research Unit, 2150 Centre Avenue, Bldg D., Fort Collins, CO 80526, United States
=700  1\$aGarcia, Luis A.$eauthor$uDepartment of Civil and Environmental Engineering, Colorado State University, Fort Collins, CO, United States
=700  1\$aMa, Liwang$eauthor$uUSDA-ARS Agricultural Systems Research Unit, 2150 Centre Avenue, Bldg D., Fort Collins, CO 80526, United States
=700  1\$aSaseendran, Anapalli S.$eauthor$uUSDA-ARS Agricultural Systems Research Unit, 2150 Centre Avenue, Bldg D., Fort Collins, CO 80526, United States; Department of Soil and Crop Sciences, Colorado State University, Fort Collins, CO, United States
=700  1\$aTrout, Thomas J.$eauthor$uUSDA-ARS, Water Management Research Unit, Fort Collins, CO, United States
=773  0\$tAgricultural water management.$g2012 July, v. 110 p.94-108$dElsevier B.V.$x0378-3774$7nnas
=787  1\$oislandora_article_repository
=787  1\$oproduct_pubag
=787  1\$o(Journal)jnl8460
=856  40$uhttp://dx.doi.org/10.1016/j.agwat.2012.04.004$3Available from publisher's site
=912  \\$aArticle
=914  \\$aJournal:jnl8460$b0378-3774$c110$e94
=914  \\$fAgricultural water management
=917  \\$aissued
=918  2\$aElsevier B.V.$eprovider$5DNAL
=935  \\$aIND44756508$9ExL
=949  \\$a2014-01-16
=953  \\$aNAL26530037837740110000C.xml
=961  \\$aUSDA/ARS
=962  \\$aBatch:405 annotated on 2013-12-13T17:41:24Z
=962  \\$aBatch:405 reviewed on 2014-01-15T16:00:03Z
=962  \\$aBatch:405 reviewed on 2014-01-16T04:00:03Z
=974  \\$aagid:568744
=983  \\$a2015-08-12
=984  \\$a2015-08-12

