=LDR  03261nab a2200625 u 4500
=001  9915909712307426
=005  20221116143821.0
=008  220901e20130328xx\|||||o|||||||||||eng||
=016  7\$aIND607308022$2DNAL
=024  7\$a10113/7308022$2hdl
=024  7\$a10.1002/grl.50279$2doi
=024  7\$a10.1002/grl.50279$2chorus
=035  \\$aagid:7308022-01nal_inst
=040  \\$aAGL$beng$cAGL
=100  1\$aZhang, Xiao,$eauthor$uVen Te Chow Hydrosystems Laboratory, Department of Civil and Environmental Engineering; University of Illinois at Urbana-Champaign; Urbana IL 61801 USA
=245  10$aClimate change impacts on global agricultural water deficit
=300  \\$ap. 1111-1117.
=520  \\$aThis paper assesses the change in crop water deficits (the difference between crop evapotranspiration and precipitation that is effective for crop growth) of 26 crops (including rainfed and irrigated) under current (1961-1990) and projected climates (2070-2099). We found that despite the universally rising mean temperature, crop water deficits are likely to decline slightly at the global scale, although changes vary by region. While the increasing precipitation and changing intra‐annual precipitation distribution in many areas can lead to more effective rainfall for crop growth, the declining diurnal temperature range will play a key role in offsetting the warming effect at the global scale. Regionally, Africa and China are likely to benefit from lower water requirements, but the impacts on other regions, including Europe, India, South America, and the United States, are subject to the land‐use types (rainfed or irrigated) and the uncertainty involved in the assessment approaches.
=592  \\$aPublisher supplied data
=593  \\$aPubAg article
=596  \\$cUSDA
=650  \3$aclimate change
=650  \3$aevapotranspiration
=650  \3$ageophysics
=650  \3$aland use
=650  \3$arain
=650  \3$aresearch
=650  \3$atemperature
=650  \3$auncertainty
=651  \3$aAfrica
=651  \3$aChina
=651  \3$aEurope
=651  \3$aIndia
=651  \3$aSouth America
=700  1\$aCai , Ximing$eauthor$uVen Te Chow Hydrosystems Laboratory, Department of Civil and Environmental Engineering; University of Illinois at Urbana-Champaign; Urbana IL 61801 USA
=773  0\$tGeophysical Research Letters.$g2013 Mar. 28, v. 40, no. 6 p.1111-1117$dAmerican Geophysical Union (AGU)$wJournal:jnl4100348$x0094-8276$7nnas
=787  1\$oislandora_article_repository
=787  1\$oproduct_pubag
=787  1\$o(Journal)jnl4100348
=856  40$uhttp://dx.doi.org/10.1002/grl.50279$3Available from publisher's site
=912  \\$aArticle
=914  \\$aJournal:jnl4100348$c40$d6$e1111
=914  \\$fGeophysical Research Letters
=917  \\$aissued
=918  2\$aCHORUS$eprovider$5DNAL
=935  \\$aIND607308022$9ExL
=949  \\$a2022-04-22
=952  \\$dNAL-AP-2-clean
=955  \\$a/data/metadata/staging/chorus
=961  \\$aUSDA
=962  \\$aUSDA Scientist Submission; eISSN 1944-8007
=974  \\$aagid:7308022
=983  \\$a2022-09-01T12:42:18-04:00
=984  \\$a2022-09-09
=985  \\$aXML source generated via Python using CHORUS API JSON data; converted to MODS with chorus_to_mods.xsl

