=LDR  02142nab a2200649 u 4500
=001  9915911352607426
=005  20221116154217.0
=008  080205|xx\|||||||||||||||||eng||
=016  7\$aIND44010557$2DNAL
=024  7\$a10113/9995$2hdl
=035  \\$aagid:9995-01nal_inst
=040  \\$aAGL$beng$cAGL
=072  \0$aJ800
=072  \0$aJ200
=072  \0$aP210
=100  1\$aBusscher, W.
=245  10$aImprovement of soil physical and chemical conditions to promote sustainable crop production in agricultural areas of Kazakhstan
=500  \\$aIncludes references
=500  \\$a2019-12-06
=593  \\$aPubAg article
=594  \\$aEmbargoed article
=650  \3$adesertification
=650  \3$aarid zones
=650  \3$aagricultural soils
=650  \3$aarid lands
=650  \3$adry environmental conditions
=650  \3$asoil properties
=650  \3$asemiarid zones
=650  \3$aland restoration
=650  \3$asoil erosion
=650  \3$airrigation management
=651  \3$aKazakhstan
=653  \0$asoil degradation
=700  1\$aNovak, J.
=700  1\$aKozybaeva, F.
=700  1\$aJalankuzov, T.
=700  1\$aSuleymenov, B.
=773  0\$tClimate change and terrestrial carbon sequestration in Central Asia /  editors, R. Lal ... [et al.].$dTaylor & Francis c2007.$7nnas
=787  1\$oproduct_pubag
=787  1\$oislandora_article_repository
=852  \\$aDNAL
=856  40$uhttps://handle.nal.usda.gov/10113/9995$3Available in the National Agricultural Library PubAg search system
=912  \\$aArticle
=914  \\$fClimate change and terrestrial carbon sequestration in Central Asia /  editors, R. Lal ... [et al.]
=917  \\$aissued
=930  \\$a20080214$b20080301$c00000000
=935  \\$aIND44010557$9ExL
=945  \\$aIND$dLYN$e2008/02/11
=946  \\$aNon-US
=949  \\$a2014-07-17
=952  \\$a20080214 20080301 00000000$bIND LYN 2008/02/11
=961  \\$aUSDA/ARS
=974  \\$aagid:9995
=979  \\$aMissing Issue date
=984  \\$a2008-03-09
=985  \\$aConverted from MARCXML to MODS version 3.4 using MARC21slim2MODS3-4.xsl (Revision 1.95 2014/04/23)
=986  \\$a4010557

