=LDR  02176nab a2200661 u 4500
=001  9915911353207426
=005  20221116154349.0
=008  080205|xx\|||||||||||||||||eng||
=016  7\$aIND44010560$2DNAL
=024  7\$a10113/9996$2hdl
=035  \\$aagid:9996-01nal_inst
=040  \\$aAGL$beng$cAGL
=072  \0$aJ800
=072  \0$aW000
=100  1\$aMcCarty, G.
=245  10$aPotential for soil carbon sequestration in Central Kazakhstan
=500  \\$aIncludes references
=500  \\$a2019-12-06
=593  \\$aPubAg article
=594  \\$aEmbargoed article
=650  \3$aland use change
=650  \3$asoil organic carbon
=650  \3$ainternational policy and programs
=650  \3$apollution control
=650  \3$aarid lands
=650  \3$adry environmental conditions
=650  \3$adeveloping countries
=650  \3$acarbon sequestration
=650  \3$aabandoned land
=650  \3$asoil management
=650  \3$asoil erosion
=651  \3$aKazakhstan
=653  \0$aShetsky region, Kazakhstan
=653  \0$aKhazakhstan Dryland Management Project
=653  \0$aland use
=700  1\$aDoraiswamy, P.
=700  1\$aAkhmedou, B.
=700  1\$aPachikin, K.
=773  0\$tClimate change and terrestrial carbon sequestration in Central Asia /  editors, R. Lal ... [et al.].$dTaylor & Francis c2007.$7nnas
=787  1\$oproduct_pubag
=787  1\$oislandora_article_repository
=852  \\$aDNAL
=856  40$uhttps://handle.nal.usda.gov/10113/9996$3Available in the National Agricultural Library PubAg search system
=912  \\$aArticle
=914  \\$fClimate change and terrestrial carbon sequestration in Central Asia /  editors, R. Lal ... [et al.]
=917  \\$aissued
=930  \\$a20080214$b20080301$c00000000
=935  \\$aIND44010560$9ExL
=945  \\$aIND$dLYN$e2008/02/11
=946  \\$aNon-US
=949  \\$a2014-07-17
=952  \\$a20080214 20080301 00000000$bIND LYN 2008/02/11
=961  \\$aUSDA/ARS
=974  \\$aagid:9996
=979  \\$aMissing Issue date
=984  \\$a2008-03-09
=985  \\$aConverted from MARCXML to MODS version 3.4 using MARC21slim2MODS3-4.xsl (Revision 1.95 2014/04/23)
=986  \\$a4010560

