=LDR  04829nab a2200649 u 4500
=001  9915913450407426
=005  20221214224115.0
=008  160303e201305\\xx\|||||o|||||||||||eng||
=016  7\$aIND600062048$2DNAL
=024  7\$a273233$2aris
=024  7\$a10113/62048$2hdl
=024  7\$a10.2489/jswc.68.3.238$2doi
=035  \\$aagid:62048-01nal_inst
=040  \\$aAGL$beng$cAGL
=100  1\$aBonta, J. V.$eauthor
=245  10$aPrecipitation data considerations for evaluating subdaily changes in rainless periods due to climate change
=300  \\$ap. 238-253.
=506  \\$aWorks produced by employees of the U.S. Government as part of their official duties are not copyrighted within the U.S. The content of this document is not copyrighted.
=520  \\$aQuantifying magnitudes and frequencies of rainless times between storms (TBS), or storm occurrence, is required for generating continuous sequences of precipitation for modeling inputs to small watershed models for conservation studies. Two parameters characterize TBS, minimum TBS (MTBS) and average TBS (ATBS)-both vary monthly and are calculated by assuming TBS follows an exponential distribution. Detecting changes in these parameters due to climate is important for precipitation and climate studies at short time and small spatial scales, but there are issues with depth resolution of precipitation data that must first be investigated. Precipitation data having one-minute temporal and 0.25 mm (0.01 in) depth resolutions from the UDSA Agricultural Research Service North Appalachian Experimental Watershed (NAEW) at Coshocton, Ohio, were used to determine the spatial variability and consistency of estimates over the 425 ha (1,050 ac) facility and the impacts of coarsening the depth resolution of data 10 times to 2.54 mm (0.1 in). The magnitudes and trends of changes in MTBS and ATBS are determined for three rain gauges over the NAEW and extended to other gauges in the Ohio region. Approximately 5,800 parameter pairs were computed for different data configurations. Small spatial scale, NAEW high-resolution precipitation data shows consistent MTBS and ATBS long-term values for each month but more variability in estimates for MTBS than ATBS. Climate change trends for MTBS and ATBS are not apparent and generally consistent for different NAEW gauges, except for November when all gauges were consistently significant for ATBS. There is a weak indication that the fall months may be affected by significant shortening of ATBS at the NAEW and in northeastern Ohio due to climate change, but more data are needed. An imposed, coarser NAEW data resolution results in consistent no-trend indications for MTBS, but not for ATBS. The coarse-resolution data may not be adequate to characterize TBS for investigating changes due to climate change unless more data preparation is performed, such as identifying and excluding dry times when precipitation may have occurred. Precipitation records with mixed resolution data cannot be used to detect climate changes of dry periods. More data and data preparation are needed to arrive at firm conclusions regarding climate change effects on TBS in Ohio.
=593  \\$aPubAg article
=593  \\$cUSDA submission
=595  \\$bjgilbert$c2016-04-08$dfedoraAdmin$e2016-04-08
=593  \\$eARIS manuscript
=650  \3$aautumn
=650  \3$aclimate
=650  \3$aclimate change
=650  \3$ahydrologic models
=650  \3$arain
=650  \3$arain gauges
=650  \3$astorms
=650  \3$awatershed hydrology
=650  \3$awatersheds
=651  \3$aOhio
=773  0\$tJournal of soil and water conservation.$g2013 , v. 68, no. 3 p.238-253$wJournal:1947$x0022-4561$7nnas
=787  1\$oislandora_article_repository
=787  1\$oproduct_pubag
=787  1\$oislandora_pubag_with_text
=787  1\$o(Journal)1947
=856  40$uhttps://handle.nal.usda.gov/10113/62048$3Available in the National Agricultural Library PubAg search system
=856  40$uhttp://dx.doi.org/10.2489/jswc.68.3.238$3Available from publisher's site
=912  \\$aArticle
=914  \\$aJournal:1947$b0022-4561$c68$d3$e238
=914  \\$fJournal of soil and water conservation
=916  \\$aBatch:1325
=916  \\$aBatch:1329
=917  \\$aissued
=935  \\$aIND600062048$9ExL
=949  \\$a2016-06-23
=956  \\$aARIS submission$bhttp://submit-u.nal.usda.gov/system/files/submissions/Journal%20of%20Soil%20and%20Water%20Conservation-2013-Bonta-238-53.pdf
=961  \\$aUSDA
=962  \\$aUSDA Scientist Submission
=962  \\$aBatch:1329 reviewed on 2016-06-23T04:00:02Z
=974  \\$aagid:62048
=983  \\$a2016-03-03
=984  \\$a2016-06-23
=985  \\$aUSDA submission converted from Drupal to MODS version 3.4 using submission2mods.xsl (Revision 1.002 2014/01/28)
=986  \\$ans9291

