=LDR  03056nab a2200565 u 4500
=001  9915914312207426
=005  20221116184229.0
=008  200601e20200625xx\|||||o|||||||||||eng||
=016  7\$aIND606878467$2DNAL
=024  7\$a10.1016/j.scitotenv.2020.138024$2doi
=035  \\$aagid:6878467-01nal_inst
=040  \\$aAGL$beng$cAGL
=100  1\$aLorenzo, M.N.$eauthor$uEnvironmental Physics Laboratory (EphysLab), CIM-UVIGO, Universidade de Vigo, Edificio Campus da Auga, 32004 Ourense, Spain$1https://orcid.org/0000-0001-5302-8312
=245  10$aClimate change patterns in precipitation over Spain using CORDEX projections for 2021-2050
=520  \\$aThis work presents an analysis of the climate change scenarios in some extreme precipitation indices over Spain using simulations from the EURO-CORDEX project. Change projections of precipitation are evaluated for the near future (2021-2050) relatively to a reference past climate (1971-2000). Projections of annual precipitation show a general decrease in almost the whole region except over the central area where positive changes are detected due to a significant increase in winter. For consecutive wet days, an annual decrease is also projected over the country attributable to a significant decrease mainly observed in spring and to a lesser extent in winter. On the other hand, consecutive dry days are projected to be higher overall as a result of significant increases in spring, summer and autumn. Positive changes are also projected for the maximum daily precipitation during winter and autumn.
=592  \\$aPublisher supplied data
=593  \\$aPubAg article
=650  \3$aatmospheric precipitation
=650  \3$aautumn
=650  \3$aclimate
=650  \3$aclimate change
=650  \3$aspring
=650  \3$asummer
=650  \3$awinter
=651  \3$aSpain
=653  \0$aExtreme precipitation indices
=653  \0$aWarming scenarios
=653  \0$aCORDEX
=653  \0$aSpain
=700  1\$aAlvarez, I.$eauthor$uEnvironmental Physics Laboratory (EphysLab), CIM-UVIGO, Universidade de Vigo, Edificio Campus da Auga, 32004 Ourense, Spain
=773  0\$tScience of the total environment.$g2020 June 25, v. 723 p.138024-$dElsevier B.V.$wJournal:jnl4455$x0048-9697$7nnas
=787  1\$oislandora_article_repository
=787  1\$oproduct_pubag
=787  1\$o(Journal)jnl4455
=856  40$uhttps://dx.doi.org/10.1016/j.scitotenv.2020.138024$3Available from publisher's site
=912  \\$aArticle
=914  \\$aJournal:jnl4455$b0048-9697$c723$e138024
=914  \\$fScience of the total environment
=916  \\$aBatch:2470
=917  \\$aissued
=918  2\$aElsevier Consyn$eprovider$5DNAL
=935  \\$aIND606878467$9ExL
=949  \\$a2020-05-15
=953  \\$a/data/metadata/incoming/consyn/181312169130961219-00001-HEAD-ONLY-NEW CONSYN ISSNS.zip
=954  \\$afile:/data/metadata/staging/consyn/S0048969720315370.xml
=955  \\$a/data/metadata/staging/consyn/
=961  \\$aUSDA/DA
=974  \\$aagid:6878467
=983  \\$a2020-06-01
=984  \\$a2020-06-01

