=LDR  04539nab a2200625 u 4500
=001  9915914969307426
=005  20221207070306.0
=008  220901e201905\\xx\|||||o|||||||||||eng||
=016  7\$aIND607405893$2DNAL
=024  7\$a10113/7405893$2hdl
=024  7\$a10.1177/1477971419840670$2doi
=024  7\$a10.1177/1477971419840670$2chorus
=035  \\$aagid:7405893-01nal_inst
=040  \\$aAGL$beng$cAGL
=100  1\$aSchattman, Rachel E$eauthor$uUSDA Northeast Climate Hub, Burlington, VT, USA, University of Vermont Extension, Burlington, VT, USA
=245  10$aClimate change curricula for adult audiences in agriculture and forestry: A review
=506  \\$aResource is Open Access$uhttp://purl.org/eprint/accessRights/OpenAccess
=506  \\$aCHORUS License Information
=520  \\$aAgricultural and forestry advisers and other technical service providers play an important role in supporting farmers and foresters to adapt to climate change. However, not all agricultural and forestry advisers are comfortable talking about climate change with land managers. While there is a demonstrated interest related to climate related professional development, few examples of curricula developed with the express purpose of serving this audience and a systematic review of these curricula has not been conducted. To address this gap, we reviewed 12 curricula which were developed and implemented between 2001 and 2017. The goal of this review is to apply the lessons learned from a range of climate change-focused curricula to new, regionally or sector-specific educational programs targeting both agricultural advisers and innovative farmers. Our findings suggest that developers of future educational programs consider the following: (a) the specific needs of their audience, including topical interests and learning needs; (b) the use of interdisciplinary teams for curricula development; (c) trade-offs associated with inclusivity and depth of course content; and (d) the advantages of project-based education approaches suited for adult learning audiences. By applying these concepts to future curricula, these curricula are likely to have the greatest level of impact. Publication Notes Check the Northern Research Station web site to request a printed copy of this publication. Our on-line publications are scanned and captured using Adobe Acrobat. During the capture process some typographical errors may occur. Please contact Sharon Hobrla, shobrla@fs.fed.us(link sends e-mail) if you notice any errors which make this publication unusable. We recommend that you also print this page and attach it to the printout of the article, to retain the full citation information. This article was written and prepared by U.S. Government employees on official time, and is therefore in the public domain.
=592  \\$aPublisher supplied data
=593  \\$aPubAg article
=596  \\$cNational Institute of Food and Agriculture
=596  \\$cU.S. Forest Service
=506  0\$fUnrestricted online access$2star
=650  \3$aadults
=650  \3$aagricultural extension
=650  \3$aclimate change
=650  \3$acurriculum
=650  \3$aeducation programs
=650  \3$afarmers
=650  \3$aforesters
=650  \3$aprofessional development
=700  1\$aKaplan, Marjorie$eauthor$uRutgers University, Rutgers Climate Institute, New Brunswick, NJ, USA
=700  1\$aAitken, Hannah M$eauthor$uUniversity of Vermont Extension, Burlington, VT, USA
=700  1\$aHelminski, Jennifer$eauthor$uDepartment of Geography, Rutgers University, New Brunswick, NJ USA
=773  0\$tJournal of Adult and Continuing Education.$dSAGE Publications$x1477-9714$7nnas
=787  1\$oislandora_article_repository
=787  1\$oproduct_pubag
=787  1\$o(Journal)28147
=856  40$uhttps://handle.nal.usda.gov/10113/7405893$3Available in the National Agricultural Library PubAg search system
=856  40$uhttps://dx.doi.org/10.1177/1477971419840670$3Available from publisher's site
=912  \\$aArticle
=914  \\$aJournal:28147$c25$d1$e131
=914  \\$fJournal of Adult and Continuing Education
=916  \\$aBatch:10197
=917  \\$aissued
=918  2\$aCHORUS$eprovider$5DNAL
=935  \\$aIND607405893$9ExL
=949  \\$a2022-06-23
=955  \\$a/data/metadata/staging/chorus
=961  \\$aUSDA
=974  \\$aagid:7405893
=979  \\$aArticle missing volume number
=984  \\$a2022-09-06
=985  \\$aXML source generated via Python using CHORUS API JSON data; converted to MODS with chorus_to_mods.xsl

