=LDR  04075nab a2200757 u 4500
=001  9915916717307426
=005  20221116214617.0
=008  061011e200608\\xx\|||||o|||||||||||eng||
=016  7\$aIND43842265$2DNAL
=024  7\$a10.1111/j.1752-1688.2006.tb04510.x$2doi
=024  7\$a10113/7390$2hdl
=035  \\$aagid:7390-01nal_inst
=040  \\$aAGL$beng$cAGL
=072  \0$aB200
=072  \0$aP200
=100  1\$aJha, M.
=245  10$aClimate Change Sensitivity Assessment on Upper Mississippi River Basin Streamflows Using Swat
=300  \\$ap. 997-1015.
=500  \\$aIncludes references
=520  \\$aThe Soil and Water Assessment Tool (SWAT) model was used to assess the effects of potential future climate change on the hydrology of the Upper Mississippi River Basin (UMRB). Calibration and validation of SWAT were performed using monthly stream flows for 1968-1987 and 1988-1997, respectively. The R2 and Nash-Sutcliffe simulation efficiency values computed for the monthly comparisons were 0.74 and 0.69 for the calibration period and 0.82 and 0.81 for the validation period. The effects of nine 30-year (1968 to 1997) sensitivity runs and six climate change scenarios were then analyzed, relative to a scenario baseline. A doubling of atmospheric CO2 to 660 ppmv (while holding other climate variables constant) resulted in a 36 percent increase in average annual streamflow while average annual flow changes of -49, -26, 28, and 58 percent were predicted for precipitation change scenarios of -20, -10, 10, and 20 percent, respectively. Mean annual streamflow changes of 51, 10, 2, -6, 38, and 27 percent were predicted by SWAT in response to climate change projections generated from the CISRO-RegCM2, CCC, CCSR, CISRO-Mk2, GFDL, and HadCM3 general circulation model scenarios. High seasonal variability was also predicted within individual climate change scenarios and large variability was indicated between scenarios within specific months. Overall, the climate change scenarios reveal a large degree of uncertainty in current climate change forecasts for the region. The results also indicate that the simulated UMRB hydrology is very sensitive to current forecasted future climate changes.
=593  \\$aPubAg article
=593  \\$cUSDA submission
=650  \3$aclimate change
=650  \3$arivers
=650  \3$awatersheds
=650  \3$astream flow
=650  \3$aSoil and Water Assessment Tool model
=650  \3$acalibration
=650  \3$amodel validation
=650  \3$asimulation models
=650  \3$ahydrologic cycle
=650  \3$aseasonal variation
=650  \3$atime series analysis
=651  \3$aMinnesota
=651  \3$aWisconsin
=651  \3$aIowa
=651  \3$aIllinois
=651  \3$aMissouri
=700  1\$aArnold, J.G.
=700  1\$aGassman, P.W.
=700  1\$aGiorgi, F.
=700  1\$aGu, R.R.
=773  0\$tJournal of the American Water Resources Association.$g2006 Aug., v.  42, no.  4 p.997-1015$x1093-474X$7nnas
=787  1\$oproduct_pubag
=787  1\$oislandora_article_repository
=787  1\$oislandora_pubag_with_text
=787  1\$o(Journal)jnl55232
=852  \\$aDNAL
=856  40$uhttp://dx.doi.org/10.1111/j.1752-1688.2006.tb04510.x$3Available from publisher's Web site
=856  40$uhttps://handle.nal.usda.gov/10113/7390$3Available in the National Agricultural Library PubAg search system
=856  40$uhttp://www.awra.org/jawra/index.html$3Available from publisher's Web site
=912  \\$aArticle
=914  \\$aJournal:jnl55232$b1093-474X$c42$d4$e997
=914  \\$fJournal of the American Water Resources Association
=917  \\$aissued
=930  \\$a20071128$b20071210$c00000000
=935  \\$aIND43842265$9ExL
=945  \\$aIND$dGAY$e2006/11/15
=946  \\$aOther US
=949  \\$a2014-07-17
=952  \\$a20071128 20071210 00000000$bIND GAY 2006/11/15
=961  \\$aUSDA/ARS
=974  \\$aagid:7390
=984  \\$a2010-02-13
=985  \\$aConverted from MARCXML to MODS version 3.4 using MARC21slim2MODS3-4.xsl (Revision 1.95 2014/04/23)
=986  \\$a3842265

