=LDR  04168nab a2200709 u 4500
=001  9915918420307426
=005  20221207080020.0
=008  180609e201807\\xx\|||||o|||||||||||eng||
=016  7\$aIND605960287$2DNAL
=024  7\$a10.1111/eff.12386$2doi
=024  7\$a10.1111/eff.12386$2chorus
=035  \\$aagid:5960287-01nal_inst
=040  \\$aAGL$beng$cAGL
=100  1\$aHowell, Philip J.$eauthor$uUSDA Forest Service, Forestry and Range Sciences Laboratory, La Grande, OR, USA
=245  10$aChanges in native bull trout and non‐native brook trout distributions in the upper Powder River basin after 20 years, relationships to water temperature and implications of climate change
=300  \\$ap. 710-719.
=500  \\$aJOURNAL ARTICLE
=506  \\$aResource is Open Access
=506  \\$aWiley License Information
=520  \\$aMany bull trout populations have declined from non‐native brook trout introductions, habitat changes (e.g. water temperature) and other factors. We systematically sampled the distribution of bull trout and brook trout in the upper Powder River basin in Oregon in the 1990s and resampled it in 2013-2015, examined temperature differences in the habitats of the two species and analysed trends in temperatures in the light of possible increases associated with climate change. The species' distributions are currently similar to those in the 1990s, except in one stream where bull trout declined. However, bull trout consisting of resident forms remain restricted to a few kilometres of habitat at the upper end of fish distribution. In streams where both species occur, the typical pattern was an intermediate zone of mixed bull trout, brook trout, and hybrids downstream of allopatric bull trout and allopatric brook trout extending farther downstream. Temperature differences between where bull trout and most brook trout occurred were small (0.5-1.0°C August mean). There were no statistical increases in water temperatures in nearby streams since the 1990s and no warming trends in air temperatures for the past 25-60 years. However, peak summer water temperatures are occurring about 3 weeks earlier than 25 years ago. Future effects of climate change, including possible increases in temperature, changes in timing and other factors (e.g. snowpack, flow and extreme events) remain a concern for the persistence of these populations. However, it is difficult to precisely predict where those changes will occur and what they will be.
=592  \\$aPublisher supplied data
=593  \\$aPubAg article
=596  \\$cBonneville Power Administration$dhttps://doi.org/10.13039/100015704
=596  \\$cU.S. Forest Service$dhttps://doi.org/10.13039/100006959
=506  0\$fUnrestricted online access$2star
=650  \3$aSalvelinus confluentus
=650  \3$aSalvelinus fontinalis
=650  \3$aair temperature
=650  \3$aallopatry
=650  \3$aclimate change
=650  \3$afish
=650  \3$ahabitats
=650  \3$ahybrids
=650  \3$arivers
=650  \3$asnowpack
=650  \3$astreams
=650  \3$asummer
=650  \3$awater temperature
=650  \3$awatersheds
=651  \3$aOregon
=773  0\$tEcology of freshwater fish.$g2018 July, v. 27, no. 3 p.710-719$dJohn Wiley & Sons, Ltd$wJournal:jnl3895938$x0906-6691$7nnas
=787  1\$oislandora_article_repository
=787  1\$oproduct_pubag
=787  1\$o(Journal)jnl3895938
=856  40$uhttp://dx.doi.org/10.1111/eff.12386$3Available from publisher's site
=903  \\$aVersion of Record
=912  \\$aArticle
=914  \\$aJournal:jnl3895938$b0906-6691$c27$d3$e710
=914  \\$fEcology of freshwater fish
=916  \\$aBatch:2004
=917  \\$aissued
=918  2\$aJohn Wiley & Sons, Inc$eprovider$5DNAL
=935  \\$aIND605960287$9ExL
=949  \\$a2020-03-06
=953  \\$a/data/metadata/incoming/wiley/09066691_2018_27_3.xml
=954  \\$afile:/data/metadata/staging/wiley/09066691_2018_27_3.xml
=955  \\$a/data/metadata/staging/wiley/
=961  \\$aUSDA/FS
=962  \\$aBatch:2004 reviewed on 2018-07-13T04:00:03Z
=974  \\$aagid:5960287
=983  \\$a2018-06-09
=984  \\$a2020-03-06

