=LDR  04203nab a2200697 u 4500
=001  9915918926507426
=005  20221214224714.0
=008  180723e201712\\xx\|||||o|||||||||||eng||
=016  7\$aIND606472365$2DNAL
=024  7\$a10113/6472365$2hdl
=024  7\$a343487$2aris
=024  7\$a10.1038/s41598-017-08298-y$2doi
=024  7\$aPMC5557879$2pmcid
=024  7\$a28811512$2pmid
=035  \\$aagid:6472365-01nal_inst
=040  \\$aAGL$beng$cAGL
=100  1\$aAlmagro, André$eauthor$uFederal University of Mato Grosso do Sul, CxP 549, Campo Grande, MS, 79070-900, Brazil
=245  10$aProjected climate change impacts in rainfall erosivity over Brazil
=300  \\$ap. 1-12.
=506  \\$aResource is Open Access$uhttp://purl.org/eprint/accessRights/OpenAccess
=506  \\$aWorks produced by employees of the U.S. Government as part of their official duties are not copyrighted within the U.S. The content of this document is not copyrighted.
=520  \\$aThe impacts of climate change on soil erosion may bring serious economic, social and environmental problems. However, few studies have investigated these impacts on continental scales. Here we assessed the influence of climate change on rainfall erosivity across Brazil. We used observed rainfall data and downscaled climate model output based on Hadley Center Global Environment Model version 2 (HadGEM2-ES) and Model for Interdisciplinary Research On Climate version 5 (MIROC5), forced by Representative Concentration Pathway 4.5 and 8.5, to estimate and map rainfall erosivity and its projected changes across Brazil. We estimated mean values of 10,437 mm ha-1 h-1 year-1 for observed data (1980-2013) and 10,089 MJ mm ha-1 h-1 year-1 and 10,585 MJ mm ha-1 h-1 year-1 for HadGEM2-ES and MIROC5, respectively (1961-2005). Our analysis suggests that the most affected regions, with projected rainfall erosivity increases ranging up to 109% in the period 2007-2040, are northeastern and southern Brazil. Future decreases of as much as -71% in the 2071-2099 period were estimated for the southeastern, central and northwestern parts of the country. Our results provide an overview of rainfall erosivity in Brazil that may be useful for planning soil and water conservation, and for promoting water and food security.
=593  \\$aPubAg article
=593  \\$cUSDA submission
=595  \\$a393$bllucas$c2020-03-18$damanda.xu$e2020-04-14
=506  0\$fUnrestricted online access$2star
=593  \\$eARIS manuscript
=650  \3$aclimate change
=650  \3$aclimate models
=650  \3$aenvironmental impact
=650  \3$arain
=650  \3$asoil conservation
=650  \3$asoil map
=650  \3$awater conservation
=650  \3$awater erosion
=651  \3$aBrazil
=700  1\$aOliveira, Paulo Tarso$eauthor$uFederal University of Mato Grosso do Sul, CxP 549, Campo Grande, MS, 79070-900, Brazil
=700  1\$aNearing, Mark$eauthor$uUSDA-ARS, Southwest Watershed Research Center, 2000 E. Allen Rd., Tucson, AZ, 85719, United States
=700  1\$aHagemann, Stefan$eauthor$uMax-Planck-Institut für Meteorologie, Bundesstr. 53, 20146, Hamburg, Germany
=773  0\$tScientific reports.$g2017 Dec., v. 7, no. 1 p.1-12$wJournal:26716$x2045-2322$7nnas
=787  1\$oislandora_article_repository
=787  1\$oproduct_pubag
=787  1\$o(Journal)26716
=856  40$uhttps://handle.nal.usda.gov/10113/6472365$3Available in the National Agricultural Library PubAg search system
=856  40$uhttp://dx.doi.org/10.1038/s41598-017-08298-y$3Available from publisher's site
=912  \\$aArticle
=914  \\$aJournal:26716$b2045-2322$c7$d1$e1
=914  \\$fScientific reports
=916  \\$aBatch:10160
=917  \\$aissued
=935  \\$aIND606472365$9ExL
=949  \\$a2021-10-20
=952  \\$dgolden set
=956  \\$aARIS submission$bhttps://submit.nal.usda.gov/system/files/submissions/2396.pdf
=961  \\$aUSDA
=962  \\$aUSDA Scientist Submission
=974  \\$aagid:6472365
=983  \\$a2018-07-23
=984  \\$a2021-10-20
=985  \\$aUSDA submission converted from Drupal to MODS version 3.4 using submission2mods.xsl (Revision 1.002 2014/01/28)
=986  \\$ans15005

