=LDR  05904nab a2200817 u 4500
=001  9915920995307426
=005  20221207055210.0
=008  220914s2022\\\\xx\|||||o|||||||||||eng||
=016  7\$aIND607835388$2DNAL
=024  7\$a10.1016/j.crm.2022.100446$2doi
=035  \\$aagid:7835388-01nal_inst
=040  \\$aAGL$beng$cAGL
=100  1\$aKothari, Kritika$eauthor$uDepartment of Biological and Agricultural Engineering, Texas A&M University, College Station, TX 77843, USA
=245  10$aSimulating the climate change impacts and evaluating potential adaptation strategies for irrigated corn production in Northern High Plains of Texas
=506  \\$aCreative Commons Attribution 4.0 Generic (CC BY-NC-ND 4.0)$uhttp://creativecommons.org/licenses/by-nc-nd/4.0/
=506  \\$aResource is Open Access$uhttp://purl.org/eprint/accessRights/OpenAccess
=520  \\$aSustaining irrigated corn (Zea mays L.) production under changing climate and reduced irrigation water availability presents a key challenge for producers in the Northern High Plains (NHP) of Texas. We assessed climate change impacts on corn production at Bushland in the NHP region using the CERES-Maize model under 36 future climate scenarios. These scenarios included nine global climate models (GCMs), two representative concentration pathways (RCPs) 4.5 and 8.5, and two future time periods 2050s (2036-2065) and 2080s (2066-2095). Simulated grain corn yield decreased, under all scenarios in the future, by approximately 31 % on average in the 2050s and by approximately 55 % in the 2080s, under RCP 8.5, mainly due to reduced unit grain weight and biomass, and shorter crop cycle. Seasonal irrigation water use was simulated to either increase or decrease in the future depending on the rainfall projection of a GCM. Adaptation strategies considered in this study included using ideotypes with a longer maturity, higher yield potential, and greater heat tolerance than the reference cultivar, and shifting of planting dates. The ideotypes were created by modifying thermal times from emergence to end-of-juvenile phase, thermal time from silking to maturity, maximum kernel number per plant, radiation use efficiency (RUE), and optimum and failure temperature thresholds during relative grain filling. The planting dates considered were 16 April, 1 May, 16 May (reference), 1 June, and 16 June. By increasing the reproductive period by 13 days, grain yield could increase by 40 %, but that could increase seasonal irrigation water requirement by 10 %. Grain corn yield increased by 13 % on average when the maximum number of kernels per plant or RUE were increased by 15 %, with minor changes in seasonal irrigation water requirement. Heat tolerant ideotypes showed yield advantage over the reference cultivar without much change in irrigation. Delayed planting increased grain yield in the future. Overall, grain yield could decline under climate change without adaptation. Ideotypes with greater silking to maturity period, potential number of kernels per plant, RUE, and heat tolerance during grain filling, showed yield benefits in the future.
=592  \\$aPublisher supplied data
=593  \\$aPubAg article
=506  0\$fUnrestricted online access$2star
=650  \3$aCrop Environment Resource Synthesis models
=650  \3$aZea mays
=650  \3$abiomass
=650  \3$aclimate
=650  \3$aclimate change
=650  \3$acorn
=650  \3$acultivars
=650  \3$agrain yield
=650  \3$aheat tolerance
=650  \3$aideotypes
=650  \3$airrigation scheduling
=650  \3$airrigation water
=650  \3$aradiation use efficiency
=650  \3$arain
=650  \3$arisk management
=650  \3$aseeds
=650  \3$atemperature
=650  \3$awater requirement
=651  \3$aTexas
=653  \0$aDSSAT
=653  \0$aCERES-Maize
=653  \0$aHeat tolerance
=653  \0$aIdeotype
=653  \0$aPlanting date
=653  \0$aSemi-arid region
=700  1\$aAle, Srinivasulu$eauthor$uDepartment of Biological and Agricultural Engineering, Texas A&M University, College Station, TX 77843, USA
=700  1\$aMarek, Gary W.$eauthor$uUSDA-ARS Conservation and Production Research Laboratory, 300 Simmons Rd, Unit 10, Bushland, TX 79012, USA
=700  1\$aMunster, Clyde L.$eauthor$uDepartment of Biological and Agricultural Engineering, Texas A&M University, College Station, TX 77843, USA
=700  1\$aSingh, Vijay P.$eauthor$uDepartment of Biological and Agricultural Engineering, Texas A&M University, College Station, TX 77843, USA
=700  1\$aChen, Yong$eauthor$uCollege of Land Science and Technology, China Agricultural University, 2 Yuanmingyuan W. Rd, Haidian District, Beijing 100193, China
=700  1\$aMarek, Thomas H.$eauthor$uTexas A&M AgriLife Research (Texas A&M University System), 6500 Amarillo Blvd. W, Amarillo, TX 79106, USA
=700  1\$aXue, Qingwu$eauthor$uTexas A&M AgriLife Research (Texas A&M University System), 6500 Amarillo Blvd. W, Amarillo, TX 79106, USA
=773  0\$tClimate risk management.$g2022, v. 37 p.100446-$dElsevier B.V.$wJournal:23250$x2212-0963$7nnas
=787  1\$oislandora_article_repository
=787  1\$oproduct_pubag
=787  1\$o(Journal)23250
=856  40$uhttps://dx.doi.org/10.1016/j.crm.2022.100446$3Available from publisher's site
=912  \\$aArticle
=914  \\$aJournal:23250$b2212-0963$c37$e100446
=914  \\$fClimate risk management
=917  \\$aissued
=918  2\$aElsevier Consyn$eprovider$5DNAL
=935  \\$aIND607835388$9ExL
=949  \\$a2022-07-19
=953  \\$a/data/metadata/incoming/consyn/155209357669562851-00005-HEAD-ONLY-NEW CONSYN ISSNS.ZIP
=954  \\$afile:/data/metadata/staging/consyn/S2212096322000535.xml
=955  \\$a/data/metadata/staging/consyn/
=961  \\$aUSDA/ARS
=974  \\$aagid:7835388
=983  \\$a2022-09-14
=984  \\$a2022-09-14

