=LDR  06855nab a2201045 u 4500
=001  9915921196907426
=005  20221215143614.0
=008  200210e20191101xx\|||||o|||||||||||eng||
=016  7\$aIND606570508$2DNAL
=024  7\$a10.1016/j.foreco.2019.117539$2chorus
=024  7\$a10113/6570508$2hdl
=024  7\$a10.1016/j.foreco.2019.117539$2doi
=035  \\$aagid:6570508-01nal_inst
=040  \\$aAGL$beng$cAGL
=100  1\$aMuller, Jacob J.$eauthor$uDepartment of Forest Resources, University of Minnesota, 1530 Cleveland Ave. N., Saint Paul, MN 55108, USA
=245  10$aForest adaptation strategies aimed at climate change: Assessing the performance of future climate-adapted tree species in a northern Minnesota pine ecosystem
=506  \\$aResource is Open Access$uhttp://purl.org/eprint/accessRights/OpenAccess
=506  \\$aCHORUS License Information
=520  \\$aClimate change is expected to impact the function, health, and productivity of many northern latitude forests, including North American mixed-pine ecosystems. Additionally, forest managers face increasing challenges to sustaining forests in the face of high uncertainty associated with response to climate change. The Adaptive Silviculture for Climate Change (ASCC) project was developed to provide operational-scale research opportunities to assess and demonstrate various adaptation approaches to forest management in regionally important forest types. The ASCC project framework includes three treatments (resistance, resilience, and transition) representing a gradient of silvicultural approaches aimed at climate change. The first of five ASCC installations is located on the Cutfoot Experimental Forest-Chippewa National Forest (CEF), Minnesota USA, in a mixed-species northern pine forest. Using habitat suitability models under projected future climates, as well as expert opinion, we chose eight future climate-adapted species for planting as part of the transition treatment, consisting of four native species to the CEF: eastern white pine (Pinus strobus L.), northern red oak (Quercus rubra L.), bur oak (Quercus macrocarpa Michx.), and red maple (Acer rubrum L.); and four novel species to the CEF: white oak (Quercus alba L.), bitternut hickory (Carya cordiformis Wangenh.), black cherry (Prunus serotina Ehrh.), and ponderosa pine (Pinus ponderosa C. Lawson). The seedlings were planted under two canopy conditions, a thinned matrix (14-18 m² ha⁻¹ residual basal area) and 0.2-ha gap openings (through harvesting). We measured how overstory canopy conditions (gap openings versus a thinned matrix) and understory shrub/herbaceous cover affect species performance. We measured 45 plots over the course of three growing seasons (Spring 2016 - Fall 2018), taking measurements of seedling basal diameter and survival, as well as estimates of understory vegetation density. Our findings highlight strong variations in species performance across treatment conditions. While overstory canopy condition was found to be a weak predictor of seedling survival and growth, our results show post-treatment colonization of understory shrub/herbaceous cover being a strong predictor of seedling survival (p < 0.001), with 86.67% (±8.04; 1 standard error) of seedlings surviving in the lowest understory cover class, and 74.23% (±3.04) surviving in the highest understory cover class. Seedling growth did not appear affected by understory shrub/herbaceous cover. Additionally, growth and survival varied significantly among native and novel seedlings, with ponderosa pine exhibiting the highest growth rates at 0.31 cm cm⁻¹ year⁻¹ (±0.004), while also having the lowest survival of any species at 45.66% (±1.2). Results from this study can be directly used by managers to inform planting decisions and species selections that align with management planning to promote forest health and sustainably in the face of climate change.
=592  \\$aPublisher supplied data
=593  \\$aPubAg article
=596  \\$cNorthern Research Station$dhttps://doi.org/10.13039/100014511
=596  \\$cUniversity of Minnesota$dhttps://doi.org/10.13039/100007249
=506  0\$fUnrestricted online access$2star
=650  \3$aAcer rubrum
=650  \3$aCarya cordiformis
=650  \3$aPinus ponderosa
=650  \3$aPinus strobus
=650  \3$aPrunus serotina
=650  \3$aQuercus alba
=650  \3$aQuercus macrocarpa
=650  \3$aQuercus rubra
=650  \3$aautumn
=650  \3$acanopy
=650  \3$aclimate
=650  \3$aclimate change
=650  \3$aconiferous forests
=650  \3$aecosystems
=650  \3$aexpert opinion
=650  \3$aforest health
=650  \3$aforest management
=650  \3$agrowing season
=650  \3$ahabitats
=650  \3$aharvesting
=650  \3$aindigenous species
=650  \3$alatitude
=650  \3$amodels
=650  \3$anational forests
=650  \3$aoverstory
=650  \3$aplanning
=650  \3$aplanting
=650  \3$aseedling growth
=650  \3$aseedlings
=650  \3$ashrubs
=650  \3$asilviculture
=650  \3$atrees
=650  \3$auncertainty
=650  \3$aunderstory
=651  \3$aMinnesota
=653  \0$aForest adaptation
=653  \0$aClimate change
=653  \0$aSilviculture
=653  \0$aFuture-adapted
=653  \0$aSeedling survival
=653  \0$aSeedling growth
=700  1\$aNagel, Linda M.$eauthor$uForest and Rangeland Stewardship Department, Colorado State University, 1472 Campus Delivery, Fort Collins, CO 80523, USA
=700  1\$aPalik, Brian J.$eauthor$uUSDA Forest Service, Northern Research Station, Forestry Sciences Laboratory, 1831 Hwy. 169. E., Grand Rapids, MN 55744, USA
=773  0\$tForest ecology and management.$g2019 Nov. 1, v. 451$dElsevier B.V.$aElsevier B.V.$wJournal:jnl9013$x0378-1127$7nnas
=787  1\$oislandora_article_repository
=787  1\$oproduct_pubag
=787  1\$o(Journal)jnl9013
=856  40$uhttps://dx.doi.org/10.1016/j.foreco.2019.117539$3Available from publisher's site
=856  40$uhttps://handle.nal.usda.gov/10113/6570508$3Available in the National Agricultural Library PubAg search system
=912  \\$aArticle
=914  \\$aJournal:jnl9013$b0378-1127$c451
=914  \\$fForest ecology and management
=916  \\$aBatch:2334
=917  \\$aissued
=918  2\$aElsevier Consyn$eprovider$5DNAL
=935  \\$aIND606570508$9ExL
=949  \\$a2019-10-18
=953  \\$a/data/metadata/incoming/consyn/983212864206791228-00006-HEAD-ONLY-NEW CONSYN ISSNS.zip
=954  \\$afile:/data/metadata/staging/consyn/S0378112719307613.xml
=955  \\$a/data/metadata/staging/consyn/
=961  \\$aUSDA/FSUSDA
=962  \\$aUSDA Scientist Submission; eISSN 1872-7042
=962  \\$aMissing ISSN
=974  \\$aagid:6570508
=983  \\$a2020-02-10
=984  \\$a2022-10-04

