=LDR  05194nab a2200733 u 4500
=001  9915922185807426
=005  20221117061858.0
=008  210217e202103\\xx\|||||o|||||||||||eng||
=016  7\$aIND607281601$2DNAL
=024  7\$a10.1111/gcb.15485$2doi
=035  \\$aagid:7281601-01nal_inst
=040  \\$aAGL$beng$cAGL
=100  1\$aKammerer, Melanie$eauthor$uIntercollege Graduate Degree Program in Ecology, Pennsylvania State University, University Park, PA, USA$1https://orcid.org/0000-0002-0678-9087
=245  10$aWild bees as winners and losers: Relative impacts of landscape composition, quality, and climate
=300  \\$ap. 1250-1265.
=500  \\$aNAL-AP-2-clean
=500  \\$aJOURNAL ARTICLE
=520  \\$aWild bees, like many other taxa, are threatened by land‐use and climate change, which, in turn, jeopardizes pollination of crops and wild plants. Understanding how land‐use and climate factors interact is critical to predicting and managing pollinator populations and ensuring adequate pollination services, but most studies have evaluated either land‐use or climate effects, not both. Furthermore, bee species are incredibly variable, spanning an array of behavioral, physiological, and life‐history traits that can increase or decrease resilience to land‐use or climate change. Thus, there are likely bee species that benefit, while others suffer, from changing climate and land use, but few studies have documented taxon‐specific trends. To address these critical knowledge gaps, we analyzed a long‐term dataset of wild bee occurrences from Maryland, Delaware, and Washington DC, USA, examining how different bee genera and functional groups respond to landscape composition, quality, and climate factors. Despite a large body of literature documenting land‐use effects on wild bees, in this study, climate factors emerged as the main drivers of wild‐bee abundance and richness. For wild‐bee communities in spring and summer/fall, temperature and precipitation were more important predictors than landscape composition, landscape quality, or topography. However, relationships varied substantially between wild‐bee genera and functional groups. In the Northeast USA, past trends and future predictions show a changing climate with warmer winters, more intense precipitation in winter and spring, and longer growing seasons with higher maximum temperatures. In almost all of our analyses, these conditions were associated with lower abundance of wild bees. Wild‐bee richness results were more mixed, including neutral and positive relationships with predicted temperature and precipitation patterns. Thus, in this region and undoubtedly more broadly, changing climate poses a significant threat to wild‐bee communities.
=592  \\$aPublisher supplied data
=593  \\$aPubAg article
=596  \\$aPENW‐2017‐07007$cUnited States Department of Agriculture National Institute for Food and Agriculture
=596  \\$aPEN04606$cUnited States Department of Agriculture National Institute for Food and Agriculture
=596  \\$a1009362$cUnited States Department of Agriculture National Institute for Food and Agriculture
=596  \\$a54903$cFoundation for Food and Agriculture Research
=596  \\$cPennsylvania State University Intercollege Graduate Degree Program in Ecology
=650  \3$abees
=650  \3$aclimate change
=650  \3$adata collection
=650  \3$aland use
=650  \3$alandscapes
=650  \3$alife history
=650  \3$apollination
=650  \3$apollinators
=650  \3$aspring
=650  \3$asummer
=650  \3$atemperature
=650  \3$atopography
=650  \3$awinter
=651  \3$aDelaware
=651  \3$aMaryland
=700  1\$aGoslee, Sarah C.$eauthor$uUSDA‐ARS Pasture Systems and Watershed Management Research Unit, University Park, PA, USA
=700  1\$aDouglas, Margaret R.$eauthor$uDepartment of Environmental Studies & Environmental Science, Dickinson College, Carlisle, PA, USA
=700  1\$aTooker, John F.$eauthor$uIntercollege Graduate Degree Program in Ecology, Pennsylvania State University, University Park, PA, USA
=700  1\$aGrozinger, Christina M.$eauthor$uIntercollege Graduate Degree Program in Ecology, Pennsylvania State University, University Park, PA, USA
=773  0\$tGlobal change biology.$g2021 Mar., v. 27, no. 6 p.1250-1265$dJohn Wiley & Sons, Ltd$wJournal:jnl57021$x1354-1013$7nnas
=787  1\$oislandora_article_repository
=787  1\$oproduct_pubag
=787  1\$o(Journal)jnl57021
=856  40$uhttp://dx.doi.org/10.1111/gcb.15485$3Available from publisher's site
=912  \\$aArticle
=914  \\$aJournal:jnl57021$b1354-1013$c27$d6$e1250
=914  \\$fGlobal change biology
=916  \\$aBatch:10149
=917  \\$aissued
=918  2\$aJohn Wiley & Sons, Inc$eprovider$5DNAL
=935  \\$aIND607281601$9ExL
=949  \\$a2021-06-18
=953  \\$a/data/metadata/incoming/wiley/13541013_2021_27_6.xml
=954  \\$afile:/data/metadata/staging/wiley/13541013_2021_27_6.xml
=955  \\$a/data/metadata/staging/wiley/
=961  \\$aUSDA/ARS
=974  \\$aagid:7281601
=983  \\$a2021-02-17
=984  \\$a2021-06-18

