=LDR  04293nab a2200565 u 4500
=001  9915923101107426
=005  20221117090356.0
=008  190405e201808\\xx\|||||o|||||||||||eng||
=016  7\$aIND606108092$2DNAL
=024  7\$a10.1007/s10584-018-2243-x$2doi
=035  \\$aagid:6108092-01nal_inst
=040  \\$aAGL$beng$cAGL
=100  1\$aLiu, Zhijuan$eauthor$uCollege of Resources and Environmental Sciences, China Agricultural University, No. 2 Yuanmingyuan West Rd., Haidian District, Beijing, 100193, China
=245  10$aClimate zones determine where substantial increases of maize yields can be attained in Northeast China
=300  \\$ap. 473-487.
=520  \\$aAs the growth in global population has led to greater demands for food and energy, societies have been pressured to increase food production. Closing the gap between current and potential yields is one means of producing more food. In this study, we first identify the gaps between the potential yield and actual on-farm yield of maize for ten climate zones (CZs) in Northeast China (NEC) from 1961 to 2010. We then use trend analysis to assess yield gaps caused by suboptimal water availability (YGw). Finally, we identify the CZs where maize yields could be increased through improved irrigation management. Nonparametric trend analysis showed an estimated regional area-averaged yield gap of 64% between potential yield and actual on-farm yield; this gap decreased by 11.0% per decade over the study period (p < 0.01). Although yield gaps have fallen to 43% during the past decade, on-farm maize yield still accounts for only 57% of potential yield. Therefore, there is still a considerable yield gap in maize production in NEC. Simulation results indicated that the average YGw of 23% in NEC is due to suboptimal water availability. Moreover, in CZs with a positive water deficit, the YGw ranged from 14 to 48%; in the remaining CZs, the YGw ranged from 5 to 13%. We conclude that there are substantial opportunities to increase maize production by up to 2.8 t ha⁻¹ through improved irrigation management in cases where the limited irrigation resources can be improved, especially in CZs that receive less than 450 mm of precipitation during the maize-growing season.
=592  \\$aPublisher supplied data
=593  \\$aPubAg article
=650  \3$aclimate change
=650  \3$aclimatic zones
=650  \3$acrop yield
=650  \3$aenergy
=650  \3$afood production
=650  \3$airrigation management
=651  \3$aChina
=700  1\$aYang, Xiaoguang$eauthor$uCollege of Resources and Environmental Sciences, China Agricultural University, No. 2 Yuanmingyuan West Rd., Haidian District, Beijing, 100193, China. yangxg@cau.edu.cn
=700  1\$aLin, Xiaomao$eauthor$uDepartment of Agronomy, Kansas State University, 2108 Throckmorton Hall, Plant Sciences Center, Manhattan, KS, 66506, USA
=700  1\$aGowda, Prasanna$eauthor$uForage and Livestock Production Research Unit, USDA-ARS Grazinglands Research Laboratory, El Reno, OK, 73036, USA
=700  1\$aLv, Shuo$eauthor$uCollege of Resources and Environmental Sciences, China Agricultural University, No. 2 Yuanmingyuan West Rd., Haidian District, Beijing, 100193, China
=700  1\$aWang, Jing$eauthor$uCollege of Resources and Environmental Sciences, China Agricultural University, No. 2 Yuanmingyuan West Rd., Haidian District, Beijing, 100193, China
=773  0\$tClimatic change.$g2018 Aug., v. 149, no. 3-4 p.473-487$dSpringer Netherlands$wJournal:jnl8952$x0165-0009$7nnas
=787  1\$oislandora_article_repository
=787  1\$oproduct_pubag
=787  1\$o(Journal)jnl8952
=856  40$uhttps://dx.doi.org/10.1007/s10584-018-2243-x$3Available from publisher's site
=912  \\$aArticle
=914  \\$aJournal:jnl8952$b0165-0009$c149$d3-4$e473
=914  \\$fClimatic change
=916  \\$aBatch:2071
=917  \\$aissued
=918  2\$aSpringer$eprovider$5DNAL
=935  \\$aIND606108092$9ExL
=949  \\$a2019-04-05
=953  \\$a/data/metadata/incoming/springer/ftp_PUB_19-04-05_05-35-16.zip
=954  \\$afile:/data/metadata/staging/springer/10584-149-3-4.xml
=955  \\$a/data/metadata/staging/springer/
=961  \\$aUSDA/ARS
=974  \\$aagid:6108092
=983  \\$a2019-04-05
=984  \\$a2019-04-05

