=LDR  04922nab a2200937 u 4500
=001  9915929099507426
=005  20221214230221.0
=008  220714s2017\\\\xx\|||||o|||||||||||eng||
=016  7\$aIND605722761$2DNAL
=024  7\$a331993$2aris
=024  7\$a10.13031/aea.12047$2chorus
=024  7\$a10113/5722761$2hdl
=024  7\$a10.13031/aea.12047$2doi
=024  8\$ans13043
=035  \\$aagid:5722761-01nal_inst
=040  \\$aAGL$beng$cAGL
=100  1\$aYasarer, L M.W.$eauthor
=245  10$aClimate Change Impacts on Runoff, Sediment, and Nutrient Loads in an Agricultural Watershedin the Lower Mississippi River Basin
=300  \\$ap. 379-392.
=506  \\$aWorks produced by employees of the U.S. Government as part of their official duties are not copyrighted within the U.S. The content of this document is not copyrighted.
=520  \\$aProjected climate change can impact various aspects of agricultural systems, including the nutrient and sediment loads exported from agricultural fields. This study evaluated the potential changes in runoff, sediment, nitrogen, and phosphorus loads using projected climate estimates from 2041-2070 in the Beasley Lake watershed in Mississippi, USA, using the Annualized Agricultural Non-Point Source (AnnAGNPS) pollution watershed model. For baseline conditions and model inputs an earlier validated simulation of the watershed was used with an event-based NSE of 0.81 for runoff and 0.54 for sediment without calibration. Fifteen global climate models (GCMs) for the climate change scenario RCP8.5 in Western Mississippi were used. Daily precipitation and air temperature were generated with the weather generator SYNTOR. Daily climate data derived from all 15 GCMS were used in AnnAGNPS simulations to generate ensemble projected loads, and climate data from four GCMs were used in simulations to assess the effectiveness of five different conservation practices for reducing projected loads. Predicted median annual-average pollutant loads increased by 9% to 12% with ensemble projected climate change. However, no-tillage and cover crop conservation practices were predicted to reduce pollutant loads from 20% to 75% below historical levels despite the impacts of climate change. This study suggests that greater implementation of conservation practices can be effective at mitigating water quality degradation associated with projected climate change. Keywords: AnnAGNPS, CMIP5, Soybean, SYNTOR, USDA-CEAP, Water quality.
=592  \\$aPublisher supplied data
=593  \\$aPubAg article
=593  \\$cUSDA submission
=595  \\$blgarner$c2017-07-17$dmanager-lgarner$e2017-07-17
=596  \\$cUSDA-ARS$aN/A
=593  \\$eARIS manuscript
=650  \3$aAGNPS model
=650  \3$aair temperature
=650  \3$aatmospheric precipitation
=650  \3$aclimate
=650  \3$aclimate change
=650  \3$aclimate models
=650  \3$aconservation practices
=650  \3$acover crops
=650  \3$alakes
=650  \3$ameteorological data
=650  \3$anitrogen
=650  \3$ano-tillage
=650  \3$aphosphorus
=650  \3$apollution load
=650  \3$arunoff
=650  \3$asediment yield
=650  \3$asediments
=650  \3$awater quality
=650  \3$awatersheds
=651  \3$aMississippi
=651  \3$aMississippi River
=700  1\$aBingner, R L$eauthor
=700  1\$aGarbrecht, J D$eauthor
=700  1\$aLocke, M A$eauthor
=700  1\$aLizotte, Jr., R E$eauthor
=700  1\$aMomm, H G$eauthor
=700  1\$aBusteed, P R$eauthor
=773  0\$tApplied engineering in agriculture.$g, v. 33, no. 3 p.379-392$dAmerican Society of Agricultural and Biological Engineers (ASABE)$wJournal:2058$x0883-8542$7nnas
=787  1\$oislandora_article_repository
=787  1\$oproduct_pubag
=787  1\$o(Journal)2058
=787  1\$o(Journal)jnl11406
=856  40$uhttps://handle.nal.usda.gov/10113/5722761$3Available in the National Agricultural Library PubAg search system
=856  40$uhttps://dx.doi.org/10.13031/aea.12047$3Available from publisher's site
=912  \\$aArticle
=914  \\$aJournal:2058
=914  \\$aJournal:jnl11406
=914  \\$fApplied engineering in agriculture
=916  \\$aBatch:1814
=917  \\$aissued
=918  2\$aCrossRef$eprovider$5DNAL
=935  \\$aIND605722761$9ExL
=949  \\$a2020-03-06
=953  \\$aCrossRef_2022-07-02
=954  \\$afile:/metadata/staging/crossref/10.13031-aea.12047.xml
=955  \\$a/metadata/staging/crossref/
=956  \\$aARIS submission$bhttps://submit.nal.usda.gov/system/files/submissions/Yasarer%20et%20al%202017%20Applied%20Engineering%20in%20Agriculture%20ASABE%2033%283%29%20379-392.pdf
=961  \\$aUSDA/ARSUSDA
=962  \\$aUSDA Scientist Submission
=962  \\$aBatch:1814 reviewed on 2017-09-27T12:00:02Z
=974  \\$aagid:5722761
=983  \\$a2022-07-14
=984  \\$a2022-07-14
=986  \\$ans13043

