=LDR  05160nab a2200709 u 4500
=001  9915929633507426
=005  20221117044443.0
=008  141111e20110901xx\|||||o|||||||||||eng||
=016  7\$aIND44590935$2DNAL
=024  7\$a10.1016/j.foreco.2011.05.014$2doi
=035  \\$aagid:403361-01nal_inst
=040  \\$aAGL$beng$cAGL
=100  1\$aD'Amato, Anthony W.$eauthor$uDepartment of Forest Resources, University of Minnesota, St. Paul, MN 55108, USA
=245  10$aForest management for mitigation and adaptation to climate change: Insights from long-term silviculture experiments
=300  \\$ap. 803-816.
=500  \\$a2019-12-05
=520  \\$aDeveloping management strategies for addressing global climate change has become an increasingly important issue influencing forest management around the globe. Currently, management approaches are being proposed that intend to (1) mitigate climate change by enhancing forest carbon stores and (2) foster adaptation by maintaining compositionally and structurally complex forests. However, little is known about the compatibility of these two objectives or the long-term efficacy of a given management regime at simultaneously achieving adaptation and mitigation. To address this need, we examined stand-level carbon and complexity responses using five long-term (>50yrs) silviculture experiments within the upper Great Lakes region, USA. In particular, live tree carbon stores and sequestration rates, and compositional and structural complexity were analyzed from three thinning experiments in Pinus resinosa and two selection method experiments in northern hardwood systems to elucidate the long-term effects of management on these ecosystem attributes and the general compatibility of mitigation and adaptation objectives. As expected, we observed a general increase in large tree densities with stand age and positive relationships between stand stocking level and live tree carbon stores. More importantly, our results clearly identify tradeoffs between the achievement of mitigation and adaptation objectives across each study. For example, maintaining higher stocking levels (i.e., enhanced mitigation by increasing carbon stores) resulted in decreases in stand-level structural and compositional complexity (i.e., reduced adaptation potential). In addition, rates of live tree carbon increment were also the lowest within the highest stocking levels; despite the benefits of these stand conditions to maximizing carbon stores. Collectively, these findings underscore the importance of avoiding rigid adherence to a single objective, such as maximum on-site carbon stores, without recognizing potential consequences to other ecosystem components crucial to ensuring long-term ecosystem functioning within the context of environmental change. One potential stand-level strategy for balancing these goals may be to employ multi-aged management systems, such as irregular shelterwood and selection systems, that maintain a large proportion of carbon stores in retained mature trees while using thinning to create spatial heterogeneity that promotes higher sequestration rates in smaller, younger trees and simultaneously enhances structural and compositional complexity.
=592  \\$aPublisher supplied data
=593  \\$aPubAg article
=650  \3$aretained trees
=650  \3$aselection methods
=650  \3$along term experiments
=650  \3$ahardwood
=650  \3$along term effects
=650  \3$amanagement systems
=650  \3$aecosystem management
=650  \3$aclimate change
=650  \3$acarbon sequestration
=650  \3$acarbon sinks
=650  \3$aforest management
=650  \3$ashelterwood systems
=650  \3$astand density
=650  \3$aPinus resinosa
=650  \3$arisk reduction
=650  \3$aforests
=651  \3$aGreat Lakes region
=651  \3$aUnited States
=653  \0$aadaptation
=700  1\$aBradford, John B.$eauthor$uUSDA, Forest Service, Northern Research Station, Grand Rapids, MN 55744, USA
=700  1\$aFraver, Shawn$eauthor$uUSDA, Forest Service, Northern Research Station, Grand Rapids, MN 55744, USA
=700  1\$aPalik, Brian J.$eauthor$uUSDA, Forest Service, Northern Research Station, Grand Rapids, MN 55744, USA
=773  0\$tForest ecology and management.$g2011 Sept. 1, v. 262, no. 5 p.803-816$dElsevier B.V.$x0378-1127$7nnas
=787  1\$oislandora_article_repository
=787  1\$oproduct_pubag
=787  1\$o(Journal)jnl9013
=856  40$uhttp://dx.doi.org/10.1016/j.foreco.2011.05.014$3Available from publisher's site
=912  \\$aArticle
=914  \\$aJournal:jnl9013$b0378-1127$c262$d5$e803
=914  \\$fForest ecology and management
=917  \\$aissued
=918  2\$aElsevier B.V.$eprovider$5DNAL
=935  \\$aIND44590935$9ExL
=949  \\$a2013-09-18
=953  \\$aNAL270800378112702620005.xml
=961  \\$aUSDA/FS
=962  \\$aBatch:346 annotated on 2013-09-04T16:17:28Z
=962  \\$aBatch:346 reviewed on 2013-09-18T15:00:02Z
=962  \\$aBatch:346 reviewed on 2013-09-18T16:00:02Z
=974  \\$aagid:403361
=983  \\$a2014-11-11
=984  \\$a2014-11-11
=986  \\$a4590935

