=LDR  04213nab a2200613 u 4500
=001  9915934269707426
=005  20221116223759.0
=008  150522e201502\\xx\|||||o|||||||||||eng||
=016  7\$aIND601358568$2DNAL
=024  7\$a10.1111/gcb.12719$2doi
=035  \\$aagid:1358568-01nal_inst
=040  \\$aAGL$beng$cAGL
=100  1\$aBansal, Sheel$eauthor$uPacific Northwest Research Station, USDA‐Forest Service, 3625 93rd Avenue SW, Olympia, WA, 98512, USA
=245  10$aClimate‐related genetic variation in drought‐resistance of Douglas‐fir (Pseudotsuga menziesii)
=300  \\$ap. 947-958.
=520  \\$aThere is a general assumption that intraspecific populations originating from relatively arid climates will be better adapted to cope with the expected increase in drought from climate change. For ecologically and economically important species, more comprehensive, genecological studies that utilize large distributions of populations and direct measures of traits associated with drought‐resistance are needed to empirically support this assumption because of the implications for the natural or assisted regeneration of species. We conducted a space‐for‐time substitution, common garden experiment with 35 populations of coast Douglas‐fir (Pseudotsuga menziesii var. menziesii) growing at three test sites with distinct summer temperature and precipitation (referred to as 'cool/moist', 'moderate', or 'warm/dry') to test the hypotheses that (i) there is large genetic variation among populations and regions in traits associated with drought‐resistance, (ii) the patterns of genetic variation are related to the native source‐climate of each population, in particular with summer temperature and precipitation, (iii) the differences among populations and relationships with climate are stronger at the warm/dry test site owing to greater expression of drought‐resistance traits (i.e., a genotype × environment interaction). During midsummer 2012, we measured the rate of water loss after stomatal closure (transpirationₘᵢₙ), water deficit (% below turgid saturation), and specific leaf area (SLA, cm² g⁻¹) on new growth of sapling branches. There was significant genetic variation in all plant traits, with populations originating from warmer and drier climates having greater drought‐resistance (i.e., lower transpirationₘᵢₙ, water deficit and SLA), but these trends were most clearly expressed only at the warm/dry test site. Contrary to expectations, populations from cooler climates also had greater drought‐resistance across all test sites. Multiple regression analysis indicated that Douglas‐fir populations from regions with relatively cool winters and arid summers may be most adapted to cope with drought conditions that are expected in the future.
=592  \\$aPublisher supplied data
=593  \\$aPubAg article
=650  \3$aPseudotsuga menziesii var. menziesii
=650  \3$abranches
=650  \3$aclimate
=650  \3$aclimate change
=650  \3$acoasts
=650  \3$adrought
=650  \3$adrought tolerance
=650  \3$agenetic variation
=650  \3$aleaf area
=650  \3$aregression analysis
=650  \3$astomatal movement
=650  \3$asummer
=650  \3$atemperature
=650  \3$awinter
=700  1\$aHarrington, Constance A.$eauthor
=700  1\$aGould, Peter J.$eauthor
=700  1\$aSt.Clair, J. Bradley$eauthor
=773  0\$tGlobal change biology.$g2015 Feb., v. 21, no. 2 p.947-958$dBlackwell Science$x1354-1013$7nnas
=787  1\$oislandora_article_repository
=787  1\$oproduct_pubag
=787  1\$o(Journal)jnl57021
=856  40$uhttp://dx.doi.org/10.1111/gcb.12719$3Available from publisher's site
=912  \\$aArticle
=914  \\$aJournal:jnl57021$b1354-1013$c21$d2$e947
=914  \\$fGlobal change biology
=916  \\$aBatch:949
=917  \\$aissued
=918  2\$aJohn Wiley & Sons, Inc$eprovider$5DNAL
=935  \\$aIND601358568$9ExL
=949  \\$a2015-06-23
=953  \\$a13541013_2015_21_2.xml
=961  \\$aUSDA/FS
=962  \\$aBatch:949 reviewed on 2015-06-23T11:00:02Z
=974  \\$aagid:1358568
=983  \\$a2015-05-22
=984  \\$a2015-06-23

