=LDR  04216nab a2200745 u 4500
=001  9915934277507426
=005  20221116223600.0
=008  150522e201502\\xx\|||||o|||||||||||eng||
=016  7\$aIND601358581$2DNAL
=024  7\$a10.1111/gcb.12713$2doi
=024  7\$a10.1111/gcb.12713$2chorus
=035  \\$aagid:1358581-01nal_inst
=040  \\$aAGL$beng$cAGL
=100  1\$aGustafson, Eric J.$eauthor$uInstitute for Applied Ecosystem Studies, Northern Research Station, USDA Forest Service, 5985 Highway K, Rhinelander, WI, 54501, USA
=245  10$aIntegrating ecophysiology and forest landscape models to improve projections of drought effects under climate change
=300  \\$ap. 843-856.
=520  \\$aFundamental drivers of ecosystem processes such as temperature and precipitation are rapidly changing and creating novel environmental conditions. Forest landscape models (FLM) are used by managers and policy‐makers to make projections of future ecosystem dynamics under alternative management or policy options, but the links between the fundamental drivers and projected responses are weak and indirect, limiting their reliability for projecting the impacts of climate change. We developed and tested a relatively mechanistic method to simulate the effects of changing precipitation on species competition within the LANDIS‐II FLM. Using data from a field precipitation manipulation experiment in a piñon pine (Pinus edulis) and juniper (Juniperus monosperma) ecosystem in New Mexico (USA), we calibrated our model to measurements from ambient control plots and tested predictions under the drought and irrigation treatments against empirical measurements. The model successfully predicted behavior of physiological variables under the treatments. Discrepancies between model output and empirical data occurred when the monthly time step of the model failed to capture the short‐term dynamics of the ecosystem as recorded by instantaneous field measurements. We applied the model to heuristically assess the effect of alternative climate scenarios on the piñon-juniper ecosystem and found that warmer and drier climate reduced productivity and increased the risk of drought‐induced mortality, especially for piñon. We concluded that the direct links between fundamental drivers and growth rates in our model hold great promise to improve our understanding of ecosystem processes under climate change and improve management decisions because of its greater reliance on first principles.
=592  \\$aPublisher supplied data
=593  \\$aPubAg article
=650  \3$aJuniperus monosperma
=650  \3$aPinus edulis
=650  \3$aclimate
=650  \3$aclimate change
=650  \3$adrought
=650  \3$aecophysiology
=650  \3$aecosystems
=650  \3$aenvironmental factors
=650  \3$aforests
=650  \3$airrigation
=650  \3$aissues and policy
=650  \3$alandscapes
=650  \3$amanagers
=650  \3$amodels
=650  \3$amortality
=650  \3$aprediction
=650  \3$arisk
=650  \3$atemperature
=651  \3$aNew Mexico
=700  1\$aDe Bruijn, Arjan M. G.$eauthor
=700  1\$aPangle, Robert E.$eauthor
=700  1\$aLimousin, Jean‐Marc$eauthor
=700  1\$aMcDowell, Nate G.$eauthor
=700  1\$aPockman, William T.$eauthor
=700  1\$aSturtevant, Brian R.$eauthor
=700  1\$aMuss, Jordan D.$eauthor
=700  1\$aKubiske, Mark E.$eauthor
=773  0\$tGlobal change biology.$g2015 Feb., v. 21, no. 2 p.843-856$dBlackwell Science$x1354-1013$7nnas
=787  1\$oislandora_article_repository
=787  1\$oproduct_pubag
=787  1\$o(Journal)jnl57021
=856  40$uhttp://dx.doi.org/10.1111/gcb.12713$3Available from publisher's site
=912  \\$aArticle
=914  \\$aJournal:jnl57021$b1354-1013$c21$d2$e843
=914  \\$fGlobal change biology
=916  \\$aBatch:949
=917  \\$aissued
=918  2\$aJohn Wiley & Sons, Inc$eprovider$5DNAL
=935  \\$aIND601358581$9ExL
=949  \\$a2020-03-06
=953  \\$a13541013_2015_21_2.xml
=961  \\$aUSDA/FS
=962  \\$aBatch:949 reviewed on 2015-06-23T11:00:02Z
=974  \\$aagid:1358581
=983  \\$a2015-05-22
=984  \\$a2020-03-06

