=LDR  04111nab a2200625 u 4500
=001  9915934280507426
=005  20221116223833.0
=008  150522e201501\\xx\|||||o|||||||||||eng||
=016  7\$aIND601358527$2DNAL
=024  7\$a10.1111/gcb.12663$2doi
=035  \\$aagid:1358527-01nal_inst
=040  \\$aAGL$beng$cAGL
=100  1\$aNowacki, Gregory J.$eauthor$uEastern Regional Office, USDA Forest Service, 626 E. Wisconsin Avenue, Milwaukee, WI, 53202, USA
=245  10$aIs climate an important driver of post‐European vegetation change in the Eastern United States?
=300  \\$ap. 314-334.
=520  \\$aMany ecological phenomena combine to direct vegetation trends over time, with climate and disturbance playing prominent roles. To help decipher their relative importance during Euro‐American times, we employed a unique approach whereby tree species/genera were partitioned into temperature, shade tolerance, and pyrogenicity classes and applied to comparative tree‐census data. Our megadata analysis of 190 datasets determined the relative impacts of climate vs. altered disturbance regimes for various biomes across the eastern United States. As the Euro‐American period (ca. 1500 to today) spans two major climatic periods, from Little Ice Age to the Anthropocene, vegetation changes consistent with warming were expected. In most cases, however, European disturbance overrode regional climate, but in a manner that varied across the Tension Zone Line. To the north, intensive and expansive early European disturbance resulted in the ubiquitous loss of conifers and large increases of Acer, Populus, and Quercus in northern hardwoods, whereas to the south, these disturbances perpetuated the dominance of Quercus in central hardwoods. Acer increases and associated mesophication in Quercus‐Pinus systems were delayed until mid 20th century fire suppression. This led to significant warm to cool shifts in temperature class where cool‐adapted Acer saccharum increased and temperature neutral changes where warm‐adapted Acer rubrum increased. In both cases, these shifts were attributed to fire suppression rather than climate change. Because mesophication is ongoing, eastern US forests formed during the catastrophic disturbance era followed by fire suppression will remain in climate disequilibrium into the foreseeable future. Overall, the results of our study suggest that altered disturbance regimes rather than climate had the greatest influence on vegetation composition and dynamics in the eastern United States over multiple centuries. Land‐use change often trumped or negated the impacts of warming climate, and needs greater recognition in climate change discussions, scenarios, and model interpretations.
=592  \\$aPublisher supplied data
=593  \\$aPubAg article
=650  \3$aAcer rubrum
=650  \3$aAcer saccharum
=650  \3$aPopulus
=650  \3$aQuercus
=650  \3$abotanical composition
=650  \3$aclimate
=650  \3$aconifers
=650  \3$adata collection
=650  \3$aecosystems
=650  \3$afire suppression
=650  \3$aforests
=650  \3$aglobal warming
=650  \3$ahardwood
=650  \3$aland use change
=650  \3$ashade tolerance
=650  \3$atemperature
=651  \3$aEastern United States
=700  1\$aAbrams, Marc D.$eauthor
=773  0\$tGlobal change biology.$g2015 Jan., v. 21, no. 1 p.314-334$dBlackwell Science$x1354-1013$7nnas
=787  1\$oislandora_article_repository
=787  1\$oproduct_pubag
=787  1\$o(Journal)jnl57021
=856  40$uhttp://dx.doi.org/10.1111/gcb.12663$3Available from publisher's site
=912  \\$aArticle
=914  \\$aJournal:jnl57021$b1354-1013$c21$d1$e314
=914  \\$fGlobal change biology
=916  \\$aBatch:949
=917  \\$aissued
=918  2\$aJohn Wiley & Sons, Inc$eprovider$5DNAL
=935  \\$aIND601358527$9ExL
=949  \\$a2015-06-23
=953  \\$a13541013_2015_21_1.xml
=961  \\$aUSDA/FS
=962  \\$aBatch:949 reviewed on 2015-06-23T11:00:02Z
=974  \\$aagid:1358527
=983  \\$a2015-05-22
=984  \\$a2015-06-23

