=LDR  04191nab a2200601 u 4500
=001  9915937355007426
=005  20221117035750.0
=008  220202e202202\\xx\|||||o|||||||||||eng||
=016  7\$aIND607657590$2DNAL
=024  7\$a10.1002/ecy.3598$2doi
=035  \\$aagid:7657590-01nal_inst
=040  \\$aAGL$beng$cAGL
=100  1\$aMcCabe, Lindsie M.$eauthor$uDepartment of Biological Sciences, Northern Arizona University, Flagstaff, Arizona, 86011, USA$1https://orcid.org/0000-0001-9815-0581
=245  10$aDecreased bee emergence along an elevation gradient: Implications for climate change revealed by a transplant experiment
=500  \\$aJOURNAL ARTICLE
=520  \\$aBees experience differences in thermal tolerance based on their geographical range; however, there are virtually no studies that examine how overwintering temperatures may influence immature survival rates. Here, we conducted a transplant experiment along an elevation gradient to test for climate‐change effects on immature overwinter survival using movement along elevational gradient for a community of 26 cavity‐nesting bee species in the family Megachilidae along the San Francisco Peaks, Arizona elevational gradient. In each of three years, we placed nest blocks at three elevations, to be colonized by native Megachilidae. Colonized blocks were then (1) moved to lower (warmer) elevations; (2) moved to higher (cooler) elevations; or (3) left in their natal habitat (no change in temperature). Because Megachilidae occupy high elevations with colder temperatures more than any other family of bees, we predicted that emergence would decrease in nest blocks moved to lower elevations, but that we would find no differences in emergence when nest blocks were moved to higher elevations. We found three major results: (1) Bee species moved to lower (warmer) habitats exhibited a 30% decrease in emergence compared with species moved within their natal habitat. (2) Habitat generalists were more likely than habitat specialists to emerge when moved up or down in elevation regardless of their natal life zones. (3) At our highest elevation treatment, emergence increased when blocks were moved to higher elevations, indicating that at least some Megachilidae species can survive at colder temperatures. Our results suggest that direct effects of warming temperatures will have negative impacts on the overall survival of Megachilidae. Additionally, above the tree line, low availability of wood‐nesting resources is a probable limiting factor on bees moving up in elevation.
=592  \\$aPublisher supplied data
=593  \\$aPubAg article
=596  \\$cNational Science Foundation's Integrative Graduate Education, Research, and Traineeship Program
=650  \3$aMegachilidae
=650  \3$aaltitude
=650  \3$abees
=650  \3$aclimate change
=650  \3$ahabitats
=650  \3$aheat tolerance
=650  \3$anests
=650  \3$aoverwintering
=650  \3$atemperature
=650  \3$atreeline
=651  \3$aArizona
=700  1\$aAslan, Clare E.$eauthor$uLandscape Conservation Initiative, Northern Arizona University, Flagstaff, Arizona, 86011, USA
=700  1\$aCobb, Neil S.$eauthor$uDepartment of Biological Sciences, Northern Arizona University, Flagstaff, Arizona, 86011, USA
=773  0\$tEcology.$g2022 Feb., v. 103, no. 2 p.e03598-$dJohn Wiley & Sons, Ltd$wJournal:jnl46164$x0012-9658$7nnas
=787  1\$oislandora_article_repository
=787  1\$oproduct_pubag
=787  1\$o(Journal)jnl46164
=856  40$uhttps://dx.doi.org/10.1002/ecy.3598$3Available from publisher's site
=912  \\$aArticle
=914  \\$aJournal:jnl46164$b0012-9658$c103$d2$ee03598
=914  \\$fEcology
=916  \\$aBatch:10229
=917  \\$aissued
=918  2\$aJohn Wiley & Sons, Inc$eprovider$5DNAL
=935  \\$aIND607657590$9ExL
=949  \\$a2022-02-23
=952  \\$dNAL-AP-2-clean
=953  \\$a/data/metadata/incoming/wiley/00129658_2022_103_2.xml
=954  \\$afile:/data/metadata/staging/wiley/00129658_2022_103_2.xml
=955  \\$a/data/metadata/staging/wiley/
=961  \\$aUSDA/ARS
=974  \\$aagid:7657590
=983  \\$a2022-02-02
=984  \\$a2022-02-21

