=LDR  04103nab a2200661 u 4500
=001  9915938940507426
=005  20221117064859.0
=008  191122e201203\\xx\|||||o|||||||||||eng||
=016  7\$aIND606768996$2DNAL
=024  7\$a10.1111/j.1365-2486.2011.02571.x$2doi
=035  \\$aagid:6768996-01nal_inst
=040  \\$aAGL$beng$cAGL
=100  1\$aZhu, Kai$eauthor$uNicholas School of the Environment, Duke University, Durham, NC, 27708, USA
=245  10$aFailure to migrate: lack of tree range expansion in response to climate change
=300  \\$ap. 1042-1052.
=500  \\$aJOURNAL ARTICLE
=520  \\$aTree species are expected to track warming climate by shifting their ranges to higher latitudes or elevations, but current evidence of latitudinal range shifts for suites of species is largely indirect. In response to global warming, offspring of trees are predicted to have ranges extend beyond adults at leading edges and the opposite relationship at trailing edges. Large‐scale forest inventory data provide an opportunity to compare present latitudes of seedlings and adult trees at their range limits. Using the USDA Forest Service's Forest Inventory and Analysis data, we directly compared seedling and tree 5th and 95th percentile latitudes for 92 species in 30 longitudinal bands for 43 334 plots across the eastern United States. We further compared these latitudes with 20th century temperature and precipitation change and functional traits, including seed size and seed spread rate. Results suggest that 58.7% of the tree species examined show the pattern expected for a population undergoing range contraction, rather than expansion, at both northern and southern boundaries. Fewer species show a pattern consistent with a northward shift (20.7%) and fewer still with a southward shift (16.3%). Only 4.3% are consistent with expansion at both range limits. When compared with the 20th century climate changes that have occurred at the range boundaries themselves, there is no consistent evidence that population spread is greatest in areas where climate has changed most; nor are patterns related to seed size or dispersal characteristics. The fact that the majority of seedling extreme latitudes are less than those for adult trees may emphasize the lack of evidence for climate‐mediated migration, and should increase concerns for the risks posed by climate change.
=592  \\$aPublisher supplied data
=593  \\$aPubAg article
=596  \\$a0940671$cNSF
=596  \\$cCoweeta LTER
=650  \3$aUSDA Forest Service
=650  \3$aadults
=650  \3$aclimate
=650  \3$aforest inventory
=650  \3$aglobal warming
=650  \3$alatitude
=650  \3$amature plants
=650  \3$aprogeny
=650  \3$arisk
=650  \3$aseed size
=650  \3$aseedlings
=650  \3$atemperature
=650  \3$atrees
=651  \3$aEastern United States
=700  1\$aWoodall, Christopher W.$eauthor$uUSDA Forest Service, Northern Research Station, St. Paul, MN, 55108, USA
=700  1\$aClark, James S.$eauthor$uNicholas School of the Environment, Duke University, Durham, NC, 27708, USA
=773  0\$tGlobal change biology.$g2012 Mar., v. 18, no. 3 p.1042-1052$dJohn Wiley & Sons, Ltd$wJournal:jnl57021$x1354-1013$7nnas
=787  1\$oislandora_article_repository
=787  1\$oproduct_pubag
=787  1\$o(Journal)jnl57021
=856  40$uhttp://dx.doi.org/10.1111/j.1365-2486.2011.02571.x$3Available from publisher's site
=912  \\$aArticle
=914  \\$aJournal:jnl57021$b1354-1013$c18$d3$e1042
=914  \\$fGlobal change biology
=916  \\$aBatch:2438
=917  \\$aissued
=918  2\$aJohn Wiley & Sons, Inc$eprovider$5DNAL
=935  \\$aIND606768996$9ExL
=949  \\$a2020-04-09
=953  \\$a/data/metadata/incoming/wiley/13541013_2012_18_3.xml
=954  \\$afile:/data/metadata/staging/wiley/13541013_2012_18_3.xml
=955  \\$a/data/metadata/staging/wiley/
=961  \\$aUSDA/FS
=962  \\$aBatch:2438 reviewed on 2020-04-09T11:00:14Z
=974  \\$aagid:6768996
=983  \\$a2019-11-22
=984  \\$a2020-04-09

