=LDR  03765nab a2200733 u 4500
=001  9915938946007426
=005  20221214224045.0
=008  151014s2015\\\\xx\|||||o|||||||||||eng||
=016  7\$aIND600061613$2DNAL
=024  7\$a303516$2aris
=024  7\$a10113/61613$2hdl
=024  7\$a10.1079/9781780644325.0263$2doi
=035  \\$aagid:61613-01nal_inst
=040  \\$aAGL$beng$cAGL
=100  1\$aBell, Natasha$eauthor
=245  10$aIonophores: A tool for improving ruminant production and reducing environmental impact
=300  \\$ap. 263-272.
=506  \\$aWorks produced by employees of the U.S. Government as part of their official duties are not copyrighted within the U.S. The content of this document is not copyrighted.
=520  \\$aRuminal fermentation is an inherently inefficient process converting up to 12% of dietary carbon and energy into end products (e.g. CH4) that are largely unusable by the animal. Ruminant nutritionists seek to modify fermentation, specifically by increasing ruminal propionic acid yield, reducing methanogenesis and decreasing ruminal proteolysis and deamination of dietary proteins in order to improve production efficiency. To date, a variety of methods have been investigated in an eff ort to meet these objectives. Carboxylic polyether compounds, 'ionophores', are an effective means of decreasing enteric CH4 emissions when included in ruminant diets. Although ruminant nutritionists have historically focused on feeding ionophores to increase efficiency and profitability, recent attention has focused on the ability of ionophores to impact global greenhouse gas production. Th is chapter examines the use of ionophores in cattle diets for the mitigation of enteric CH4 production. Issues like ionophore resistance and the impact of ionophore feeding on human health are also addressed.
=593  \\$aPubAg article
=593  \\$cUSDA submission
=594  \\$aEmbargoed article
=595  \\$a594$bjgilbert$c2015-12-01$dfedoraAdmin$e2015-12-02
=593  \\$eARIS manuscript
=650  \3$acarbon
=650  \3$acattle
=650  \3$acattle feeding
=650  \3$adeamination
=650  \3$adietary protein
=650  \3$aenergy
=650  \3$aenvironmental impact
=650  \3$afermentation
=650  \3$agreenhouse gas emissions
=650  \3$agreenhouse gases
=650  \3$aionophores
=650  \3$amethane
=650  \3$amethane production
=650  \3$apropionic acid
=650  \3$aproteolysis
=650  \3$arumen fermentation
=655  \7$abook
=700  1\$aWickersham, Tryon$eauthor
=700  1\$aSharma, Vijay$eauthor
=700  1\$aCallaway, Todd$eauthor
=773  0\$tLivestock production and climate change.$g2015, ch. 17 p.263-272$dCAB International$wSource:1$z9781780644325$7nnas
=787  1\$oislandora_article_repository
=787  1\$oproduct_pubag
=856  40$uhttps://handle.nal.usda.gov/10113/61613$3Available in the National Agricultural Library PubAg search system
=856  40$uhttp://dx.doi.org/10.1079/9781780644325.0263
=912  \\$aArticle
=914  \\$fLivestock production and climate change
=916  \\$aBatch:1157
=917  \\$aissued
=935  \\$aIND600061613$9ExL
=949  \\$a2016-01-05
=956  \\$aARIS submission$bhttp://submit-u.nal.usda.gov/system/files/submissions/Ionophores%20A%20tool%20for%20improving%20ruminant%20production%20and%20reducing%20environmental%20impact.pdf
=961  \\$aUSDA
=962  \\$aUSDA Scientist Submission
=962  \\$aBatch:1157 reviewed on 2016-01-05T11:00:02Z
=974  \\$aagid:61613
=983  \\$a2015-10-14
=984  \\$a2016-01-05
=985  \\$aUSDA submission converted from Drupal to MODS version 3.4 using submission2mods.xsl (Revision 1.002 2014/01/28)
=986  \\$ans8550

