=LDR  02824nab a2200757 u 4500
=001  9915940713107426
=005  20221117183258.0
=008  081010e200810\\xx\|||||o|||||||||||eng||
=016  7\$aIND44110720$2DNAL
=024  7\$a10.1016/j.envpol.2008.07.013$2doi
=024  7\$a10113/21592$2hdl
=035  \\$aagid:21592-01nal_inst
=040  \\$aAGL$beng$cAGL
=072  \0$aW000
=072  \0$aF300
=072  \0$aK001
=072  \0$aK800
=072  \0$aF841
=100  1\$aBytnerowicz, Andrzej
=245  10$aIntroduction: Forests under anthropogenic pressure - Effects of air pollution, climate change and urban development
=300  \\$ap. 289-390.
=500  \\$aIn the special issue: Forests under Anthropogenic Pressure-Effects of Air Pollution, Climate Change and Urban Development / edited by A. Bytnerowicz, M. Arbaugh, M. Fenn, B. Sanchez Gimeno and E. Paoletti.
=500  \\$aPaper presented at the 22nd bi-annual meeting of the International Union of Forest Research Organizations (IUFRO) Research Group 7.01 "Impacts of Air Pollution and Climate Change on Forest Ecosystems", held September 10-16, 2006,  Riverside, California.
=500  \\$a2019-12-04
=593  \\$aPubAg article
=593  \\$cUSDA submission
=650  \3$aatmospheric deposition
=650  \3$aforest health
=650  \3$aphytotoxicity
=650  \3$anitrogen
=650  \3$aozone
=650  \3$aclimate change
=650  \3$aelevated atmospheric gases
=650  \3$abiogeochemical cycles
=650  \3$aanthropogenic activities
=650  \3$aforest habitats
=650  \3$abiodiversity
=650  \3$aair pollution
=650  \3$aurbanization
=650  \3$aforests
=653  \0$aforest ecology
=700  1\$aArbaugh, Michael
=700  1\$aFenn, Mark
=773  0\$tEnvironmental pollution.$g2008 Oct., v.  155, no.  3 p.289-390$x0269-7491$7nnas
=787  1\$oislandora_article_repository
=787  1\$oproduct_pubag
=787  1\$oislandora_pubag_with_text
=787  1\$o(Journal)jnl41014
=852  \\$aDNAL
=856  40$uhttps://handle.nal.usda.gov/10113/21592$3Available in the National Agricultural Library PubAg search system
=856  40$uhttp://dx.doi.org/10.1016/j.envpol.2008.07.013$3Available from publisher's Web site
=912  \\$aArticle
=914  \\$aJournal:jnl41014$b0269-7491$c155$d3$e289
=914  \\$fEnvironmental pollution
=917  \\$aissued
=930  \\$a20081203$b20090206$c00000000
=935  \\$aIND44110720$9ExL
=945  \\$aIND$d2CT$e2008/11/06
=946  \\$aNon-US
=949  \\$a2014-07-17
=952  \\$a20081203 20090206 00000000$bIND 2CT 2008/11/06
=961  \\$aUSDA/FS
=974  \\$aagid:21592
=984  \\$a2009-02-07
=985  \\$aConverted from MARCXML to MODS version 3.4 using MARC21slim2MODS3-4.xsl (Revision 1.95 2014/04/23)
=986  \\$a4110720

