=LDR  04416nab a2200757 u 4500
=001  9915946226707426
=005  20221117045743.0
=008  160807e20160727xx\|||||o|||||||||||eng||
=016  7\$aIND605369813$2DNAL
=024  7\$a10.1515/intag-2016-0007$2doi
=035  \\$aagid:5369813-01nal_inst
=040  \\$aAGL$beng$cAGL
=100  1\$aFu, Tongcheng$eauthor$uDepartment of Applied Plant Science, Chonnam National University, 77 Youngbong-ro, Buk-gu, Gwangju 500-757, Korea
=245  10$aSimulation of climate change impacts on grain sorghum production grown under free air CO2 enrichment
=300  \\$ap. 311-322.
=520  \\$aPotential impacts of climate change on grain sorghum (Sorghum bicolor) productivity were investigated using the CERES-sorghum model in the Decision Support System for Agrotechnology Transfer v4.5. The model was first calibrated for a sorghum cultivar grown in a free air CO₂ enrichment experiment at the University of Arizona, Maricopa, Arizona, USA in 1998. The model was then validated with an independent dataset collected in 1999. The simulated grain yield, growth, and soil water of sorghum for the both years were in statistical agreement with the corresponding measurements, respectively. Neither simulated nor measured yields responded to elevated CO₂, but both were sensitive to water supply. The validated model was then applied to simulate possible effects of climate change on sorghum grain yield and water use efficiency in western North America for the years 2080-2100. The projected CO₂ fertilizer effect on grain yield was dominated by the adverse effect of projected temperature increases. Therefore, temperature appears to be a dominant driver of the global climate change influencing future sorghum productivity. These results suggest that an increase in water demand for sorghum production should be anticipated in a future high-CO₂ world.
=592  \\$aPublisher supplied data
=593  \\$aPubAg article
=650  \3$aCrop Environment Resource Synthesis models
=650  \3$aSorghum bicolor
=650  \3$aair
=650  \3$acarbon dioxide
=650  \3$aclimate change
=650  \3$aclimate models
=650  \3$acultivars
=650  \3$adata collection
=650  \3$adecision support systems
=650  \3$afertilizers
=650  \3$afree air carbon dioxide enrichment
=650  \3$agrain sorghum
=650  \3$agrain yield
=650  \3$asoil water
=650  \3$atemperature
=650  \3$awater supply
=650  \3$awater use efficiency
=651  \3$aArizona
=653  \0$aclimate change
=653  \0$acrop simulation
=653  \0$aFACE
=653  \0$agrain yield
=653  \0$asorghum
=700  1\$aKo, Jonghan$eauthor$uDepartment of Applied Plant Science, Chonnam National University, 77 Youngbong-ro, Buk-gu, Gwangju 500-757, Korea
=700  1\$aWall, Gerard W.$eauthor$uUS Arid Land Agricultural Research Center, USDA, Agricultural Research Service, 21881 North Cardon Lane, Maricopa, AZ 85138, USA
=700  1\$aPinter, Paul J.$eauthor$uUS Arid Land Agricultural Research Center, USDA, Agricultural Research Service, 21881 North Cardon Lane, Maricopa, AZ 85138, USA
=700  1\$aKimball, Bruce A.$eauthor$uUS Arid Land Agricultural Research Center, USDA, Agricultural Research Service, 21881 North Cardon Lane, Maricopa, AZ 85138, USA
=700  1\$aOttman, Michael J.$eauthor$u Department of Plant Sciences, University of Arizona, Tucson, AZ 85721, USA
=700  1\$aKim, Han-Yong$eauthor$uDepartment of Applied Plant Science, Chonnam National University, 77 Youngbong-ro, Buk-gu, Gwangju 500-757, Korea
=773  0\$tInternational agrophysics.$g2016 July 27, v. 30, no. 3 p.311-322$dDe Gruyter Open$x2300-8725$7nnas
=787  1\$oislandora_article_repository
=787  1\$oproduct_pubag
=787  1\$o(Journal)23085
=856  40$uhttp://dx.doi.org/10.1515/intag-2016-0007$3Available from publisher's site
=912  \\$aArticle
=914  \\$aJournal:23085$b2300-8725$c30$d3$e311
=914  \\$fInternational agrophysics
=916  \\$aBatch:1571
=917  \\$aissued
=918  2\$aDe Gruyter Publishers$eprovider$5DNAL
=935  \\$aIND605369813$9ExL
=949  \\$a2017-03-28
=953  \\$aintag.2016.30.issue-3-1470421512330.zip
=961  \\$aUSDA/ARS
=962  \\$aBatch:1571 reviewed on 2017-03-28T10:00:04Z
=974  \\$aagid:5369813
=983  \\$a2016-08-07
=984  \\$a2017-03-28

