=LDR  05020nab a2200901 u 4500
=001  9915946383207426
=005  20221215142345.0
=008  190403e201710\\xx\|||||o|||||||||||eng||
=016  7\$aIND605831942$2DNAL
=024  7\$a10.1016/j.agwat.2017.07.011$2chorus
=024  7\$a10.1016/j.agwat.2017.07.011$2doi
=035  \\$aagid:5831942-01nal_inst
=040  \\$aAGL$beng$cAGL
=100  1\$aChen, Yong$eauthor$uTexas A&M AgriLife Research (Texas A&M University System), Department of Soil and Crop Sciences, Texas A&M University, USA
=245  10$aModeling the effects of land use change from cotton (Gossypium hirsutum L.) to perennial bioenergy grasses on watershed hydrology and water quality under changing climate
=300  \\$ap. 198-208.
=506  \\$aResource is Open Access$uhttp://purl.org/eprint/accessRights/OpenAccess
=506  \\$aCHORUS License Information
=520  \\$aAssessing the impacts of biofuel-induced land use change on hydrology, water quality and crop yield under the current and future climate scenarios enables selection of appropriate land uses and associated best management practices under the changing climate. In this study, the impacts of land use change from cotton (Gossypium hirsutum L.) to perennial grasses in the Double Mountain Fork Brazos watershed in the Texas High Plains were assessed using the Soil and Water Assessment Tool (SWAT). While switchgrass (Panicum virgatum L.) was assumed to replace cotton in irrigated areas, dryland cotton was replaced by Miscanthus×giganteus under the hypothetical land use change scenarios. Climate change impacts were assessed based on the Coupled Model Intercomparison Project Phase 5 (CMIP5) climate projections of 19 General Circulation Models (GCMs) under two Representative Concentration Pathway (RCP) emission scenarios of RCP4.5 and RCP8.5 during two 30-year periods of middle (2040-2069) and end (2070-2099) of the 21st century. Median irrigation water use of cotton was simulated to decrease by 41%-61% in the future when compared to historic (1994-2009) period based on projections by 19 GCMs. Under the future climate change scenarios, when compared to cotton, median annual irrigation water use by switchgrass reduced by 62%-89%. Simulated future median total nitrogen load decreased by 30%-40% under perennial grasses when compared to future cotton land use. The median irrigated switchgrass yield decreased by 16%-28%, but the median dryland Miscanthus yield increased by 32%-38% under the future climate change scenarios.
=592  \\$aPublisher supplied data
=593  \\$aPubAg article
=596  \\$cNational Institute of Food and Agriculture$dhttps://doi.org/10.13039/100005825
=506  0\$fUnrestricted online access$2star
=650  \3$aGeneral Circulation Models
=650  \3$aGossypium hirsutum
=650  \3$aMiscanthus
=650  \3$aPanicum virgatum
=650  \3$aSoil and Water Assessment Tool model
=650  \3$aarid lands
=650  \3$abest management practices
=650  \3$abioenergy
=650  \3$aclimate
=650  \3$aclimate change
=650  \3$acotton
=650  \3$acrop yield
=650  \3$agrasses
=650  \3$airrigated farming
=650  \3$airrigation
=650  \3$airrigation water
=650  \3$aland use change
=650  \3$anitrogen content
=650  \3$aperennials
=650  \3$awater quality
=650  \3$awatershed hydrology
=650  \3$awatersheds
=651  \3$aTexas
=653  \0$aSWAT
=653  \0$aCrop yield
=653  \0$aCMIP5
=653  \0$aAlamo switchgrass
=653  \0$aMiscanthus
=653  \0$aTexas High Plains
=700  1\$aAle, Srinivasulu$eauthor$uTexas A&M AgriLife Research (Texas A&M University System), USA
=700  1\$aRajan, Nithya$eauthor$uDepartment of Soil and Crop Sciences, Texas A&M University, USA
=700  1\$aSrinivasan, Raghavan$eauthor$uDepartment of Ecosystem Science and Management, Texas A&M University, USA
=773  0\$tAgricultural water management.$g2017 Oct., v. 192 p.198-208$dElsevier B.V.$wJournal:jnl8460$x0378-3774$7nnas
=787  1\$oislandora_article_repository
=787  1\$oproduct_pubag
=787  1\$o(Journal)jnl8460
=856  40$uhttps://dx.doi.org/10.1016/j.agwat.2017.07.011$3Available from publisher's site
=856  40$uhttp://handle.nal.usda.gov/10113/5831942
=912  \\$aArticle
=914  \\$aJournal:jnl8460$b0378-3774$c192$e198
=914  \\$fAgricultural water management
=916  \\$aBatch:1853
=917  \\$aissued
=918  2\$aElsevier Consyn$eprovider$5DNAL
=935  \\$aIND605831942$9ExL
=949  \\$a2019-04-03
=953  \\$a/data/metadata/incoming/consyn-backfiles/46-2-00067-HEAD-ONLY.zip
=954  \\$afile:/data/metadata/staging/consyn-backfiles/S0378377417302408.xml
=955  \\$a/data/metadata/staging/consyn-backfiles/
=961  \\$aUSDA
=962  \\$aUSDA Scientist Submission; eISSN 1873-2283
=962  \\$aMissing ISSN
=974  \\$aagid:5831942
=983  \\$a2019-04-03
=984  \\$a2022-09-02

