=LDR  03710nab a2200697 u 4500
=001  9915947471007426
=005  20221117070540.0
=008  190614e20130510xx\|||||o|||||||||||eng||
=016  7\$aIND606468891$2DNAL
=024  7\$a10.3390/agronomy3020433$2doi
=035  \\$aagid:6468891-01nal_inst
=040  \\$aAGL$beng$cAGL
=100  1\$aPorch, Timothy G.$eauthor$uUSDA-ARS, Tropical Agriculture Research Station (TARS), 2200 P. A. Campos Ave., Suite 201, Mayagüez 00680-5470, Puerto Rico. timothy.porch@ars.usda.gov
=245  10$aUse of Wild Relatives and Closely Related Species to Adapt Common Bean to Climate Change
=300  \\$ap. 433-461.
=520  \\$aCommon bean (Phaseolus vulgaris L.) is an important legume crop worldwide. However, abiotic and biotic stress limits bean yields to <600 kg ha−1 in low-income countries. Current low yields result in food insecurity, while demands for increased yields to match the rate of population growth combined with the threat of climate change are significant. Novel and significant advances in genetic improvement using untapped genetic diversity available in crop wild relatives and closely related species must be further explored. A meeting was organized by the Global Crop Diversity Trust to consider strategies for common bean improvement. This review resulted from that meeting and considers our current understanding of the genetic resources available for common bean improvement and the progress that has been achieved thus far through introgression of genetic diversity from wild relatives of common bean, and from closely related species, including: P. acutifolius, P. coccineus, P. costaricensis and P. dumosus. Newly developed genomic tools and their potential applications are presented. A broad outline of research for use of these genetic resources for common bean improvement in a ten-year multi-disciplinary effort is presented.
=592  \\$aPublisher supplied data
=593  \\$aPubAg article
=650  \3$aPhaseolus acutifolius
=650  \3$aPhaseolus coccineus
=650  \3$aPhaseolus vulgaris
=650  \3$aabiotic stress
=650  \3$abeans
=650  \3$abiotic stress
=650  \3$aclimate change
=650  \3$acrop yield
=650  \3$adeveloping countries
=650  \3$afood security
=650  \3$agenetic improvement
=650  \3$agenetic resources
=650  \3$agenetic variation
=650  \3$agenomics
=650  \3$aintrogression
=650  \3$apopulation growth
=650  \3$awild relatives
=700  1\$aBeaver, James S.$eauthor
=700  1\$aDebouck, Daniel G.$eauthor
=700  1\$aJackson, Scott A.$eauthor
=700  1\$aKelly, James D.$eauthor
=700  1\$aDempewolf, Hannes$eauthor
=773  0\$tAgronomy.$g2013 May 10, v. 3, no. 2 p.433-461$dMultidisciplinary Digital Publishing Institute$wJournal:12361$x2073-4395$7nnas
=787  1\$oislandora_article_repository
=787  1\$oproduct_pubag
=787  1\$o(Journal)12361
=856  40$uhttp://dx.doi.org/10.3390/agronomy3020433$3Available from publisher's site
=912  \\$aArticle
=914  \\$aJournal:12361$b2073-4395$c3$d2$e433
=914  \\$fAgronomy
=916  \\$aBatch:2296
=917  \\$aissued
=918  2\$aMultidisciplinary Digital Publishing Institute$eprovider$5DNAL
=935  \\$aIND606468891$9ExL
=949  \\$a2019-09-06
=953  \\$a/data/metadata/incoming/mdpinstitute/agronomy-v03-i02-20130624.xml
=954  \\$afile:/data/metadata/staging/mdpinstitute/agronomy-v03-i02-20130624.xml
=955  \\$a/data/metadata/staging/mdpinstitute/
=961  \\$aUSDA/ARS
=962  \\$aBatch:2296 reviewed on 2019-09-06T13:00:05Z
=974  \\$aagid:6468891
=983  \\$a2019-06-14
=984  \\$a2019-09-06

