=LDR  05096nab a2200649 u 4500
=001  9915948307307426
=005  20221117101756.0
=008  220505e202206\\xx\|||||o|||||||||||eng||
=016  7\$aIND607763756$2DNAL
=024  7\$a10.1111/geb.13489$2doi
=035  \\$aagid:7763756-01nal_inst
=040  \\$aAGL$beng$cAGL
=100  1\$aGautam, Sagar$eauthor$uBioscience Division, Sandia National Laboratory, Livermore, California, USA$1https://orcid.org/0000-0002-0828-1631
=245  10$aContinental United States may lose 1.8 petagrams of soil organic carbon under climate change by 2100
=300  \\$ap. 1147-1160.
=500  \\$aJOURNAL ARTICLE
=520  \\$aAIMS: High‐resolution information on soils' vulnerability to climate‐induced soil organic carbon (SOC) loss can enable environmental scientists, land managers, and policy makers to develop targeted mitigation strategies. This study aims to estimate baseline and decadal changes in continental US surface SOC stocks under future emission scenarios. LOCATION: Continental United States. TIME PERIOD: 2014-2100. METHODS: We used recent SOC field observations (n = 6,213 sites), environmental factors (n = 32), and an ensemble machine learning (ML) approach to estimate baseline SOC stocks in surface soils across the continental United States at 100‐m spatial resolution, and decadal changes under the projected climate scenarios of Coupled Model Intercomparison Project Phase Six (CMIP6) earth system models (ESMs). RESULTS: Baseline SOC projections from ML approaches captured more than 50% of variability in SOC observations, whereas ESMs represented only 6-16% of observed SOC variability. ML estimates showed a mean total loss of 1.8 Pg C from US surface soils under the high‐emission scenario by 2100, whereas ESMs showed no significant change in SOC stocks with wide variation among ESMs. Both ML and ESM predictions agree on the direction of SOC change (net emissions or sequestration) across 46-51% of continental US land area. These differences are attributable to the high‐resolution site‐specific data used in the ML models compared to the relatively coarse grid represented in CMIP6 ESMs. MAIN CONCLUSIONS: Our high‐resolution estimates of baseline SOC stocks, identification of key environmental controllers, and projection of SOC changes from US land cover types under future climate scenarios suggest the need for high‐resolution simulations of SOC in ESMs to represent the heterogeneity of SOC. We found that the SOC change is sensitive to key soil related factors (e.g. soil drainage and soil order) that have not been historically considered as input parameters in ESMs, because currently more than 95% variability in the SOC of CMIP6 ESMs is controlled by net primary productivity, temperature, and precipitation. Using additional environmental factors to estimate the baseline SOC stocks and predict the future trajectory of SOC change can provide more accurate results.
=592  \\$aPublisher supplied data
=593  \\$aPubAg article
=596  \\$aDE‐AC02‐05CH11231$cOffice of Biological and Environmental Research
=650  \3$abiogeography
=650  \3$aclimate change
=650  \3$aclimatic factors
=650  \3$adrainage
=650  \3$aissues and policy
=650  \3$aland cover
=650  \3$amodels
=650  \3$anet primary productivity
=650  \3$asoil
=650  \3$asoil organic carbon
=650  \3$atemperature
=700  1\$aMishra, Umakant$eauthor$uBioscience Division, Sandia National Laboratory, Livermore, California, USA
=700  1\$aScown, Corinne D.$eauthor$uJoint BioEnergy Institute, Lawrence Berkeley National Laboratory, Emeryville, California, USA$1https://orcid.org/0000-0003-2078-1126
=700  1\$aWills, Skye A.$eauthor$uNational Soil Survey Center, USDA‐NRCS, Lincoln, Nebraska, USA
=700  1\$aAdhikari, Kabindra$eauthor$uGrassland, Soil and Water Research Laboratory, USDA‐ARS, Temple, Texas, USA$1https://orcid.org/0000-0002-1365-7015
=700  1\$aDrewniak, Beth A.$eauthor$uEnvironmental Science Division, Argonne National Laboratory, Lemont, Illinois, USA
=773  0\$tGlobal ecology and biogeography.$g2022 June, v. 31, no. 6 p.1147-1160$dJohn Wiley & Sons, Ltd$wJournal:jnl3920180$x1466-822X$7nnas
=787  1\$oislandora_article_repository
=787  1\$oproduct_pubag
=787  1\$o(Journal)jnl3920180
=856  40$uhttps://dx.doi.org/10.1111/geb.13489$3Available from publisher's site
=912  \\$aArticle
=914  \\$aJournal:jnl3920180$b1466-822X$c31$d6$e1147
=914  \\$fGlobal ecology and biogeography
=916  \\$aBatch:10254
=917  \\$aissued
=918  2\$aJohn Wiley & Sons, Inc$eprovider$5DNAL
=935  \\$aIND607763756$9ExL
=949  \\$a2022-05-06
=952  \\$dNAL-AP-2-clean
=953  \\$a/data/metadata/incoming/wiley/1466822X_2022_31_6.xml
=954  \\$afile:/data/metadata/staging/wiley/1466822X_2022_31_6.xml
=955  \\$a/data/metadata/staging/wiley/
=961  \\$aUSDA/ARSUSDA/NRCS
=974  \\$aagid:7763756
=983  \\$a2022-05-05
=984  \\$a2022-05-05

