=LDR  04939nab a2200805 u 4500
=001  9915949197307426
=005  20221207054234.0
=008  220901e202106\\xx\|||||o|||||||||||eng||
=016  7\$aIND607544622$2DNAL
=024  7\$a10113/7544622$2hdl
=024  7\$a10.1029/2020wr027924$2doi
=024  7\$a10.1029/2020wr027924$2chorus
=035  \\$aagid:7544622-01nal_inst
=040  \\$aAGL$beng$cAGL
=100  1\$aKitlasten, Wesley$eauthor$uGNS Science  Taupo New Zealand, Nevada Water Science Center U.S. Geological Survey  Carson City NV USA
=245  10$aIntegrated Hydrology and Operations Modeling to Evaluate Climate Change Impacts in an Agricultural Valley Irrigated With Snowmelt Runoff
=506  \\$aResource is Open Access$uhttp://purl.org/eprint/accessRights/OpenAccess
=506  \\$aCHORUS License Information
=520  \\$aApplying models to developed agricultural regions remains a difficult problem because there are no existing modeling codes that represent both the complex physics of the hydrology and anthropogenic manipulations to water distribution and consumption. We apply an integrated groundwater - surface water and hydrologic river operations model to an irrigated river valley in northwestern Nevada/northern California, United States to evaluate the impacts of climate change on snow-fed agricultural systems that use surface water and groundwater conjunctively. We explicitly represent individual surface water rights within the hydrologic model and allow the integrated code to change river diversions in response to earlier snowmelt runoff and water availability. Historically under-used supplemental groundwater rights are dynamically activated within the model to offset diminished surface water deliveries. The model accounts for feedbacks between the natural hydrology and anthropogenic stresses, which is a first-of-its-kind assessment of the impacts of climate change on individual water rights, and more broadly on river basin operations. Earlier snowmelt decreases annual surface water deliveries to all water rights, not just the junior water rights, owing to a lack of surface water storage in the upper river basin capable of capturing earlier runoff. Conversely, downstream irrigators with access to reservoir storage benefit from earlier runoff flowing past upstream points of diversion prior to the start of the irrigation season. Despite regional shifts toward greater reliance on groundwater for irrigation, crop consumption (a common surrogate for crop yield) decreases due to spatiotemporal changes in water supply that preferentially impact a subset of growers in the region.
=592  \\$aPublisher supplied data
=593  \\$aPubAg article
=596  \\$cNSF
=596  \\$cUSDA
=506  0\$fUnrestricted online access$2star
=650  \3$aclimate change
=650  \3$acrop yield
=650  \3$agroundwater
=650  \3$ahydrologic models
=650  \3$airrigation
=650  \3$aphysics
=650  \3$aresearch
=650  \3$ariver valleys
=650  \3$arivers
=650  \3$arunoff
=650  \3$asnowmelt
=650  \3$asurface storage
=650  \3$asurface water
=650  \3$awater distribution
=650  \3$awater supply
=650  \3$awatersheds
=651  \3$aCalifornia
=651  \3$aNevada
=700  1\$aMorway, Eric D.$eauthor$uNevada Water Science Center U.S. Geological Survey  Carson City NV USA
=700  1\$aNiswonger, Richard G.$eauthor$uIntegrated Modeling and Prediction Division U.S. Geological Survey  Menlo Park CA USA
=700  1\$aGardner, Murphy$eauthor$uNevada Water Science Center U.S. Geological Survey  Carson City NV USA
=700  1\$aWhite, Jeremy T.$eauthor$uIntera  Boulder CO USA
=700  1\$aTriana, Enrique$eauthor$uRTI International  Fort Collins CO USA
=700  1\$aSelkowitz, David$eauthor$uNevada Water Science Center U.S. Geological Survey  Carson City NV USA
=773  0\$tWater Resources Research.$dAmerican Geophysical Union (AGU)$x0043-1397$7nnas
=787  1\$oislandora_article_repository
=787  1\$oproduct_pubag
=787  1\$o(Journal)jnl46306
=856  40$uhttps://handle.nal.usda.gov/10113/7544622$3Available in the National Agricultural Library PubAg search system
=856  40$uhttps://dx.doi.org/10.1029/2020wr027924$3Available from publisher's site
=912  \\$aArticle
=914  \\$aJournal:jnl46306$c57$d6
=914  \\$fWater Resources Research
=916  \\$aBatch:10228
=917  \\$aissued
=918  2\$aCHORUS$eprovider$5DNAL
=935  \\$aIND607544622$9ExL
=949  \\$a2022-02-23
=955  \\$a/data/metadata/staging/chorus
=961  \\$aUSDA
=962  \\$aUSDA Scientist Submission
=962  \\$aUSDA Scientist Submission; eISSN 1944-7973
=974  \\$aagid:7544622
=979  \\$aArticle missing volume number
=984  \\$a2022-09-06
=985  \\$aXML source generated via Python using CHORUS API JSON data; converted to MODS with chorus_to_mods.xsl

