=LDR  04342nab a2200745 u 4500
=001  9915951067107426
=005  20221214231755.0
=008  150227e201503\\xx\|||||o|||||||||||eng||
=016  7\$aIND601211393$2DNAL
=024  7\$a312860$2aris
=024  7\$a10113/60427$2hdl
=024  7\$a10.1007/s10113-013-0573-9$2doi
=024  8\$ans6662
=035  \\$aagid:60427-01nal_inst
=040  \\$aAGL$beng$cAGL
=100  1\$aVaghefi, S. Ashraf$eauthor
=245  10$aIntegration of hydrologic and water allocation models in basin-scale water resources management considering crop pattern and climate change: Karkheh River Basin in Iran
=300  \\$ap. 475-484.
=506  \\$aWorks produced by employees of the U.S. Government as part of their official duties are not copyrighted within the U.S. The content of this document is not copyrighted.
=520  \\$aThe paradigm of integrated water resources management requires coupled analysis of hydrology and water resources in a river basin. Population growth and uncertainties due to climate change make historic data not a reliable source of information for future planning of water resources, hence necessitating climate and land use change impact studies. This work presents an integrated modeling approach by linking Soil and Water Assessment Tool (SWAT) and MODSIM. While SWAT produces hydrologic and water resources information, MODSIM provides a decision support system for water allocation. We used the coupled SWAT-MODSIM to analyze the effects of climate and cropping pattern changes on agricultural and hydro energy production in the Karkheh River Basin, a semiarid region in south-west of Iran. Cropping patterns were considered by limiting the cereal production to 50% (S1, near to historic), 17% (S2), and 83% (S3) of the Canadian Global Coupled Model (CGCM 3.1 version (T63) for A1B, A2, and B1 scenarios. The results showed that based on future climate changes and land use scenarios, wheat production had a large variation in five economically important agricultural regions ranging from 33,000 ton year-1 (S2-A1B) to 74,000 ton pear-1 (S3-A2). Similarly, energy production, while increasing from 614 to 1,100 GWH in A2, decreased from 614 to 464 GWH in B1 climate scenario. Our analyses indicate that cropping pattern change can be used as an effective tool to adapt to the negative impacts of climate change.
=593  \\$aPubAg article
=593  \\$cUSDA submission
=594  \\$aEmbargoed article
=593  \\$eARIS manuscript
=650  \3$aSoil and Water Assessment Tool model
=650  \3$aclimate change
=650  \3$acrop production
=650  \3$acropping systems
=650  \3$adecision support systems
=650  \3$aenergy
=650  \3$aland use change
=650  \3$asemiarid zones
=650  \3$awater allocation
=650  \3$awater power
=650  \3$awater resources
=650  \3$awatersheds
=651  \3$aIran
=700  1\$aMousavi, S. J.$eauthor
=700  1\$aAbbaspour, K. C .$eauthor
=700  1\$aSrinivasan, R.$eauthor
=700  1\$aAronald, J. R.$eauthor
=773  0\$tRegional environmental change.$g2015 Mar., v. 15, no. 3 p.475-484$dSpringer-Verlag$wJournal:J000000303$x1436-3798$7nnas
=787  1\$oislandora_article_repository
=787  1\$oproduct_pubag
=787  1\$o(Journal)J000000303
=856  40$uhttps://handle.nal.usda.gov/10113/60427$3Available in the National Agricultural Library PubAg search system
=856  40$uhttp://dx.doi.org/10.1007/s10113-013-0573-9$3Available from publisher's site
=912  \\$aArticle
=914  \\$aJournal:J000000303$b1436-3798$c15$d3$e475
=914  \\$fRegional environmental change
=916  \\$aBatch:839
=917  \\$aissued
=935  \\$aIND601211393$9ExL
=949  \\$a2015-04-02
=956  \\$aARIS submission$bhttp://submit-u.nal.usda.gov/system/files/submissions/Vaghefi%20et%20al%202015.pdf
=961  \\$aUSDA
=962  \\$aUSDA Scientist Submission
=962  \\$aBatch:839 annotated on 2015-03-09T19:56:32Z
=962  \\$aBatch:839 reviewed on 2015-04-02T11:00:03Z
=962  \\$aBatch:839 reviewed on 2015-04-02T16:00:06Z
=974  \\$aagid:60427
=983  \\$a2015-02-27
=984  \\$a2015-04-02
=985  \\$aUSDA submission converted from Drupal to MODS version 3.4 using submission2mods.xsl (Revision 1.002 2014/01/28)
=986  \\$ans6662

