=LDR  04148nab a2200757 u 4500
=001  9915957456607426
=005  20221120220306.0
=008  060420e200603\\xx\|||||o|||||||||||eng||
=016  7\$aIND43797970$2DNAL
=024  7\$a10.1017/S0031182005009145$2doi
=024  7\$a10113/35619$2hdl
=035  \\$aagid:35619-01nal_inst
=040  \\$aAGL$beng$cAGL
=072  \0$aL822
=072  \0$aB200
=100  1\$aJenkins, E.J.
=245  10$aClimate change and the epidemiology of protostrongylid nematodes in northern ecosystems: Parelaphostrongylus odocoilei and Protostrongylus stilesi in Dall's sheep (Ovis d. dalli)
=300  \\$ap. 387-401.
=500  \\$aIncludes references
=500  \\$a2019-12-05
=520  \\$aWe describe the epidemiology of the protostrongylid parasites Parelaphostrongylus odocoilei and Protostrongylus stilesi in Dall's sheep (Ovis dalli dalli) from the Mackenzie Mountains, Northwest Territories, Canada (65 degrees N; 128 degrees W). Peak numbers of 1st-stage larvae of both parasites were shed by Dall's sheep on their winter range from March until May. In larval development experiments in the Mackenzie Mountains, peak numbers of infective 3rd-stage larvae of P. odocoilei were available in gastropod intermediate hosts in August-September. For both protostrongylids, the majority of transmission likely occurs on the winter range, with infection of gastropods when they emerge from hibernation in spring, and infection of Dall's sheep upon their return in fall. We validated a degree-day model for temperature-dependent development of larval P. odocoilei in gastropods, and applied degree-day models to describe and predict spatial and temporal patterns in development of P. odocoilei and P. stilesi in northern North America. Temperature-dependent larval development may currently limit northward range expansion of P. odocoilei into naïve populations of Dall's sheep in the Arctic, but climate warming may soon eliminate such constraints. In Subarctic regions where both P. odocoilei and P. stilesi are endemic, the length of the parasite 'growing season' (when temperatures were above the threshold for larval development) and amount of warming available for parasite development has increased over the last 50 years. Further climate warming and extension of the seasonal window for transmission may lead to amplification of parasite populations and disease outbreaks in host populations.
=593  \\$aPubAg article
=593  \\$cUSDA submission
=650  \3$aDeroceras laeve
=650  \3$aParelaphostrongylus
=650  \3$aOvis dalli
=650  \3$aslugs
=650  \3$anematode infections
=650  \3$alarval development
=650  \3$adisease transmission
=650  \3$amodel validation
=650  \3$aanimal parasitic nematodes
=650  \3$aglobal warming
=650  \3$anematode larvae
=650  \3$aheat sums
=650  \3$aintermediate hosts
=651  \3$aNorthwest Territories
=653  \0$aepidemiology
=653  \0$adegree-day models
=700  1\$aVeitch, A.M.
=700  1\$aKutz, S.J.
=700  1\$aHoberg, E.P.
=700  1\$aPolley, L.
=773  0\$tParasitology.$g2006 Mar., v.  132 p.387-401$x0031-1820$7nnas
=787  1\$oproduct_pubag
=787  1\$oislandora_article_repository
=787  1\$oislandora_pubag_with_text
=787  1\$o(Journal)jnl45572
=852  \\$aDNAL
=856  40$uhttps://handle.nal.usda.gov/10113/35619$3Available in the National Agricultural Library PubAg search system
=856  40$uhttp://dx.doi.org/10.1017/S0031182005009145$3Available from publisher's Web site
=912  \\$aArticle
=914  \\$aJournal:jnl45572$b0031-1820$c132$e387
=914  \\$fParasitology
=917  \\$aissued
=930  \\$a20091113$b20091204$c00000000
=935  \\$aIND43797970$9ExL
=945  \\$aIND$dNZM$e2006/04/25
=946  \\$aNon-US
=949  \\$a2014-07-17
=952  \\$a20091113 20091204 00000000$bIND NZM 2006/04/25
=961  \\$aUSDA/ARS
=974  \\$aagid:35619
=984  \\$a2011-11-04
=985  \\$aConverted from MARCXML to MODS version 3.4 using MARC21slim2MODS3-4.xsl (Revision 1.95 2014/04/23)
=986  \\$a3797970

