=LDR  03112nab a2200601 u 4500
=001  9915965130607426
=005  20221122205857.0
=008  150630e20150704xx\|||||o|||||||||||eng||
=016  7\$aIND602857387$2DNAL
=024  7\$a10.1080/10549811.2015.1025079$2doi
=035  \\$aagid:2857387-01nal_inst
=040  \\$aAGL$beng$cAGL
=100  1\$aRodriguez-Franco, Carlos$eauthor$uUSDA Forest Service, Washington, DC, USA
=245  10$aUnderstanding Climate Change Perceptions, Attitudes, and Needs of Forest Service Resource Managers
=300  \\$ap. 423-444.
=520  \\$aSurveys were collected to assess Forest Service (FS) resource managers' perceptions, attitudes, and informational needs related to climate change and its potential impacts on forests and grasslands. Resource managers with three background types were surveyed. All participants generally considered themselves to be well-informed on climate change issues, although each resource manager group had different perceptions of climate change effects on natural resources. They shared similar views on the most potentially useful sources of information and that there was less concern at the Ranger District level about climate change. Administrative issues, including funding, were viewed by all participants as serious obstacles inhibiting agency action. Results of these surveys should provide insight for increasing science delivery efforts, providing educational opportunities, and developing guidance and training for FS resource managers. As a result, the agency can continue to provide science-based tools which assist in conserving and maintaining healthy, resilient ecosystems.
=592  \\$aPublisher supplied data
=593  \\$aPubAg article
=650  \3$aattitudes and opinions
=650  \3$aclimate change
=650  \3$aecosystems
=650  \3$aforests
=650  \3$afunding
=650  \3$agrasslands
=650  \3$ainformation sources
=650  \3$amanagers
=650  \3$asurveys
=653  \0$aclimate change
=653  \0$aresource managers
=653  \0$aforest management
=653  \0$aForest Service (FS)
=653  \0$ascience delivery
=700  1\$aHaan, Tara J.$eauthor$uUSDA Forest Service, Washington, DC, USA
=773  0\$tJournal of sustainable forestry.$g2015 July 4, v. 34, no. 5 p.423-444$dTaylor & Francis$x1540-756X$7nnas
=787  1\$oislandora_article_repository
=787  1\$oproduct_pubag
=787  1\$o(Journal)jnl48967
=856  40$uhttp://dx.doi.org/10.1080/10549811.2015.1025079$3Available from publisher's site
=912  \\$aArticle
=914  \\$aJournal:jnl48967$b1540-756X$c34$d5$e423
=914  \\$fJournal of sustainable forestry
=916  \\$aBatch:985
=917  \\$aissued
=918  2\$aTaylor & Francis Group$eprovider$5DNAL
=935  \\$aIND602857387$9ExL
=949  \\$a2015-08-31
=953  \\$awjsf20_wjsf20.v034.i05_20150626021107#6548784.zip
=961  \\$aUSDA/FS
=962  \\$aBatch:985 reviewed on 2015-08-19T18:00:02Z
=962  \\$aBatch:985 reviewed on 2015-08-31T11:00:03Z
=974  \\$aagid:2857387
=983  \\$a2015-06-30
=984  \\$a2015-08-31

