=LDR  05595nab a2200901 u 4500
=001  9915965618607426
=005  20221120063834.0
=008  190529e201905\\xx\|||||o|||||||||||eng||
=016  7\$aIND606388786$2DNAL
=024  7\$a10.1007/s11270-019-4145-6$2doi
=035  \\$aagid:6388786-01nal_inst
=040  \\$aAGL$beng$cAGL
=100  1\$aBelyazid, Salim$eauthor$uDepartment of Physical Geography, Stockholm University, Stockholm, Sweden. salim.belyazid@natgeo.su.se$1https://orcid.org/0000-0001-7893-4856
=245  10$aAssessing the Effects of Climate Change and Air Pollution on Soil Properties and Plant Diversity in Northeastern U.S. Hardwood Forests: Model Setup and Evaluation
=300  \\$ap. 106.
=520  \\$aThe integrated forest ecosystem model ForSAFE-Veg was used to simulate soil processes and understory vegetation composition at three-sugar maple, beech, yellow birch-hardwood forest sites in the Northeastern United States (one at Hubbard Brook, NH, and two at Bear Brook, ME). Input data were pooled from a variety of sources and proved coherent and consistent. While the biogeochemical component ForSAFE was used with limited calibration, the ground vegetation composition module Veg was calibrated to field relevés. Evaluating different simulated ecosystem indicators (soil solution chemistry, tree biomass, ground vegetation composition) showed that the model performed comparably well regardless of the site's soil condition, climate, and amounts of nitrogen (N) and sulfur (S) deposition, with the exception of failing to capture tree biomass decline at Hubbard Brook. The model performed better when compared with annual observation than monthly data. The results support the assumption that the biogeochemical model ForSAFE can be used with limited calibration and provide reasonable confidence, while the vegetation community composition module Veg requires calibration if the individual plant species are of interest. The study welcomes recent advances in empirically explaining the responses of hardwood forests to nutrient imbalances and points to the need for more research.
=592  \\$aPublisher supplied data
=593  \\$aPubAg article
=596  \\$aEP-C-11-036$cU.S. Environmental Protection Agency
=650  \3$aFagus
=650  \3$aair pollution
=650  \3$abiomass
=650  \3$abotanical composition
=650  \3$achemistry
=650  \3$aclimate
=650  \3$aclimate change
=650  \3$acommunity structure
=650  \3$aenvironmental indicators
=650  \3$aforest ecosystems
=650  \3$aground vegetation
=650  \3$ahardwood forests
=650  \3$amodels
=650  \3$anitrogen
=650  \3$aplant communities
=650  \3$asoil properties
=650  \3$asoil quality
=650  \3$asoil solution
=650  \3$astreams
=650  \3$asulfur
=650  \3$atrees
=650  \3$aunderstory
=651  \3$aNortheastern United States
=700  1\$aPhelan, Jennifer$eauthor$uRTI International, Raleigh, NC, USA
=700  1\$aNihlgård, Bengt$eauthor$uDepartment of Biology, Lund University, Lund, Sweden
=700  1\$aSverdrup, Harald$eauthor$uDepartment of Industrial Engineering, University of Iceland, Reykjavik, Iceland
=700  1\$aDriscoll, Charles$eauthor$uDepartment of Civil and Environmental Engineering, Syracuse University, Syracuse, NY, 13244, USA
=700  1\$aFernandez, Ivan$eauthor$uSchool of Forest Resources and Climate Change Institute, University of Maine, Orono, ME, USA
=700  1\$aAherne, Julian$eauthor$uTrent University, Trent, Canada
=700  1\$aTeeling-Adams, Leslie M.$eauthor$uDepartment of Life and Physical Sciences, Great Bay Community College, Portsmouth, NH, USA
=700  1\$aBailey, Scott$eauthor$uUSDA Forest Service, Northeastern Research Station, Campton, NH, USA
=700  1\$aArsenault, Matt$eauthor$uStantec Consulting Services, Inc., Topsham, ME, USA
=700  1\$aCleavitt, Natalie$eauthor$uDepartment of Natural Resources, Cornell University, Ithaca, NY, 14853, USA
=700  1\$aEngstrom, Brett$eauthor$uCounsulting Botanist and Ecologist, Marshfield, VT, USA
=700  1\$aDennis, Robin$eauthor$uNational Exposure Research Laboratory, Environmental Protection Agency, Triangle Park, NC, 27711, USA
=700  1\$aSperduto, Dan$eauthor$uUSDA Forest Service, White Mountain National Forest, 71 White Mountain Dr., Campton, NH, 03223, USA
=700  1\$aWerier, David$eauthor$uDavid Werier Botanical and Ecological Consulting, Willseyville, NY, USA
=700  1\$aClark, Christopher$eauthor$uU.S. Environmental Protection Agency, Washington, DC, USA
=773  0\$tWater, air, and soil pollution.$g2019 May, v. 230, no. 5 p.106-106$dSpringer International Publishing$wJournal:jnl4876$x0049-6979$7nnas
=787  1\$oislandora_article_repository
=787  1\$oproduct_pubag
=787  1\$o(Journal)jnl4876
=856  40$uhttps://dx.doi.org/10.1007/s11270-019-4145-6$3Available from publisher's site
=912  \\$aArticle
=914  \\$aJournal:jnl4876$b0049-6979$c230$d5$e106
=914  \\$fWater, air, and soil pollution
=916  \\$aBatch:2228
=917  \\$aissued
=918  2\$aSpringer$eprovider$5DNAL
=935  \\$aIND606388786$9ExL
=949  \\$a2019-06-13
=953  \\$a/data/metadata/incoming/springer/ftp_PUB_19-05-29_06-47-25.zip
=954  \\$afile:/data/metadata/staging/springer/11270-230-5.xml
=955  \\$a/data/metadata/staging/springer/
=961  \\$aUSDA/FS
=962  \\$aBatch:2228 reviewed on 2019-06-13T04:00:03Z
=974  \\$aagid:6388786
=983  \\$a2019-05-29
=984  \\$a2019-06-13

