=LDR  03995nab a2200553 u 4500
=001  9915969573107426
=005  20221120024822.0
=008  141111e201102\\xx\|||||o|||||||||||eng||
=016  7\$aIND44754662$2DNAL
=024  7\$a10.1016/j.gloenvcha.2010.09.011$2doi
=035  \\$aagid:442965-01nal_inst
=040  \\$aAGL$beng$cAGL
=100  1\$aFarley, Kathleen A.$eauthor$uDepartment of Geography, San Diego State University, San Diego, CA 92182-4493, United States
=245  10$aVulnerability of water supply from the Oregon Cascades to changing climate: Linking science to users and policy
=300  \\$ap. 110-122.
=520  \\$aDespite improvements in understanding biophysical response to climate change, a better understanding of how such changes will affect societies is still needed. We evaluated effects of climate change on the coupled human–environmental system of the McKenzie River watershed in the Oregon Cascades in order to assess its vulnerability. Published empirical and modeling results indicate that climate change will alter both the timing and quantity of streamflow, but understanding how these changes will impact different water users is essential to facilitate adaptation to changing conditions. In order to better understand the vulnerability of four water use sectors to changing streamflow, we conducted a series of semi-structured interviews with representatives of each sector, in which we presented projected changes in streamflow and asked respondents to assess how changing water availability would impact their activities. In the McKenzie River watershed, there are distinct spatial and temporal patterns associated with sensitivity of water resources to climate change. This research illustrates that the implications of changing streamflow vary substantially among different water users, with vulnerabilities being determined in part by the spatial scale and timing of water use and the flexibility of those uses in time and space. Furthermore, institutions within some sectors were found to be better positioned to effectively respond to changes in water resources associated with climate change, while others have substantial barriers to the flexibility needed to manage for new conditions. A clearer understanding of these opportunities and constraints across water use sectors can provide a basis for improving response capacity and potentially reducing vulnerability to changing water resources in the region.
=592  \\$aPublisher supplied data
=593  \\$aPubAg article
=650  \3$aclimate
=650  \3$aclimate change
=650  \3$ainterviews
=650  \3$aissues and policy
=650  \3$arivers
=650  \3$aspace and time
=650  \3$astream flow
=650  \3$awater supply
=650  \3$awatersheds
=651  \3$aOregon
=700  1\$aTague, Christina$eauthor$uBren School of Environmental Science and Management, University of California, Santa Barbara, CA 93106-5131, United States
=700  1\$aGrant, Gordon E.$eauthor$uUS Forest Service, Pacific Northwest Research Station, USDA, Corvallis, OR 97331, United States; Department of Geosciences, Oregon State University, Corvallis, OR, United States
=773  0\$tGlobal environmental change.$g2011 Feb., v. 21, no. 1 p.110-122$dElsevier Ltd$x0959-3780$7nnas
=787  1\$oislandora_article_repository
=787  1\$oproduct_pubag
=787  1\$o(Journal)2063
=856  40$uhttp://dx.doi.org/10.1016/j.gloenvcha.2010.09.011$3Available from publisher's site
=912  \\$aArticle
=914  \\$aJournal:2063$b0959-3780$c21$d1$e110
=914  \\$fGlobal environmental change
=917  \\$aissued
=918  2\$aElsevier B.V.$eprovider$5DNAL
=935  \\$aIND44754662$9ExL
=949  \\$a2014-01-08
=953  \\$aNAL271500959378000210001.xml
=961  \\$aUSDA/FS
=962  \\$aBatch:408 annotated on 2013-12-17T13:09:46Z
=962  \\$aBatch:408 reviewed on 2014-01-08T16:00:03Z
=974  \\$aagid:442965
=983  \\$a2014-11-11
=984  \\$a2014-11-11

