=LDR  05753nab a2200877 u 4500
=001  9915969897707426
=005  20221214225028.0
=008  190403e20170731xx\|||||o|||||||||||eng||
=016  7\$aIND605684862$2DNAL
=024  7\$a332122$2aris
=024  7\$a10113/5684862$2hdl
=024  7\$a10.1016/j.agwat.2017.04.019$2doi
=024  8\$ans13057
=035  \\$aagid:5684862-01nal_inst
=040  \\$aAGL$beng$cAGL
=100  1\$aBaule, William$eauthor$uGreat Lakes Integrated Sciences+Assessments, University of Michigan, Ann Arbor, MI 48109, USA
=245  10$aNorthwest Ohio crop yield benefits of water capture and subirrigation based on future climate change projections
=300  \\$ap. 87-97.
=506  \\$aWorks produced by employees of the U.S. Government as part of their official duties are not copyrighted within the U.S. The content of this document is not copyrighted.
=520  \\$aClimate change projections for the Midwest U.S. indicate a future with increased growing season dryness that will adversely impact crop production sustainability. Systems that capture water for later subirrigation use have potential as a climate adaptation strategy to mitigate this increased crop water stress. Three such systems were operated in northwest Ohio from 1996 to 2008, and they exhibited substantial crop yield benefits, especially in dry growing seasons, but also to a lesser extent in near normal or wet growing seasons. The goal of this research was to estimate the increase in crop yield benefits of water capture and subirrigation systems that can be expected under projcted 2041-2070 climate conditions in northwest Ohio. Historical subirrigated field crop yield differences with fields having free drainage only, relative to growing season dryness/wetness, were used to determine future northwest Ohio subirrigated field crop yield increases, based on the modeled climate for 2041-2070. Climate records for 2041-2070 were projected using three bias corrected model combinations, CRCM+CGCM3, RCM3+GFDL, and MM5I+HadCM3. Growing season dryness/wetness was classified based on the difference between rainfall and the crop adjusted potential evapotranspiration using the 1984-2013 climate record at the three system locations. Projected 2041-2070 growing season precipitation varied substantially between the three model combinations; however, all three indicated increased growing season dryness due to rising temperature and solar radiation. The overall subirrigated field corn yield increase rose to an estimated 27.5%-30.0% in 2041-2070 from 20.5% in 1996-2008, while the subirrigated field soybean yield increase improved from 12.2% in 1996-2008 to 19.8%-21.5% for 2041-2070. Consequently, as growing season drought becomes more frequent, the crop yield benefits with water capture and subirrigation systems will improve, and these systems therefore provide a viable climate adaptation strategy for agricultural production.
=592  \\$aPublisher supplied data
=593  \\$aPubAg article
=594  \\$aEmbargoed article
=593  \\$eARIS manuscript
=650  \3$aclimate
=650  \3$aclimate change
=650  \3$acorn
=650  \3$acrop yield
=650  \3$adrainage
=650  \3$adrought
=650  \3$aevapotranspiration
=650  \3$afield crops
=650  \3$agrowing season
=650  \3$ameteorological data
=650  \3$amodels
=650  \3$arain
=650  \3$asolar radiation
=650  \3$asubsurface irrigation
=650  \3$atemperature
=650  \3$awater stress
=651  \3$aOhio
=653  \0$aClimate
=653  \0$aSubirrigation
=653  \0$aCrop-Yield
=653  \0$aEvapotranspiration
=653  \0$aWater-Capture
=700  1\$aAllred, Barry$eauthor$uUSDA-ARS Soil Drainage Unit, The Ohio State University, Columbus, OH 43210, USA
=700  1\$aFrankenberger, Jane$eauthor$uDepartment of Agricultural and Biological Engineering, Purdue University, West Lafayette, IN 47907, USA
=700  1\$aGamble, Debra$eauthor$uUSDA-ARS Soil Drainage Unit, The Ohio State University, Columbus, OH 43210, USA
=700  1\$aAndresen, Jeff$eauthor$uGreat Lakes Integrated Sciences+Assessments, University of Michigan, Ann Arbor, MI 48109, USA
=700  1\$aGunn, Kpoti M.$eauthor$uDepartment of Food, Agricultural and Biological Engineering, The Ohio State University, Columbus, OH 43210, USA
=700  1\$aBrown, Larry$eauthor$uDepartment of Food, Agricultural and Biological Engineering, The Ohio State University, Columbus, OH 43210, USA
=773  0\$tAgricultural water management.$g2017 July 31, v. 189 p.87-97$dElsevier B.V.$aElsevier B.V.$wJournal:jnl8460$x0378-3774$7nnas
=787  1\$oislandora_article_repository
=787  1\$oproduct_pubag
=787  1\$o(Journal)jnl8460
=856  40$uhttps://dx.doi.org/10.1016/j.agwat.2017.04.019$3Available from publisher's site
=856  40$uhttps://handle.nal.usda.gov/10113/5684862$3Available in the National Agricultural Library PubAg search system
=912  \\$aArticle
=914  \\$aJournal:jnl8460$b0378-3774
=914  \\$fAgricultural water management
=916  \\$aBatch:1719
=917  \\$aissued
=918  2\$aElsevier Consyn$eprovider$5DNAL
=935  \\$aIND605684862$9ExL
=949  \\$a2019-04-03
=953  \\$a/data/metadata/incoming/consyn-backfiles/46-2-00067-HEAD-ONLY.zip
=954  \\$afile:/data/metadata/staging/consyn-backfiles/S0378377417301610.xml
=955  \\$a/data/metadata/staging/consyn-backfiles/
=956  \\$aARIS submission$bhttps://submit.nal.usda.gov/system/files/submissions/332122.pdf
=961  \\$aUSDA/ARS
=962  \\$aUSDA Scientist Submission
=974  \\$aagid:5684862
=983  \\$a2019-04-03
=984  \\$a2019-04-03
=986  \\$ans13057

