=LDR  05644nab a2200829 u 4500
=001  9915970605307426
=005  20221120215635.0
=008  190412e201309\\xx\|||||o|||||||||||eng||
=016  7\$aIND601300272$2DNAL
=024  7\$a10.2111/REM-D-12-00142.1$2doi
=035  \\$aagid:1300272-01nal_inst
=040  \\$aAGL$beng$cAGL
=100  1\$aJoyce, Linda A.$eauthor$uQuantitative Ecologist, Human Dimensions Research Program, USDA Forest Service Rocky Mountain Research Station, Fort Collins, CO 80526, USA;
=245  10$aClimate Change and North American Rangelands: Assessment of Mitigation and Adaptation Strategies
=300  \\$ap. 512-528.
=520  \\$aRecent climatic trends and climate model projections indicate that climate change will modify rangeland ecosystem functions and the services and livelihoods that they provision. Recent history has demonstrated that climatic variability has a strong influence on both ecological and social components of rangeland systems and that these systems possess substantial capacity to adapt to climatic variability. Specific objectives of this synthesis are to: 1) evaluate options to mitigate greenhouse gas emissions and future climate change; 2) survey actions that individuals, enterprises, and social organizations can use to adapt to climate change; and 3) assess options for system transformation when adaptation is no longer sufficient to contend with climate change. Mitigation for carbon sequestration does not appear economically viable, given the small and highly variable carbon dioxide fluxes of rangeland ecosystems and the high transaction costs that would be incurred. In contrast, adaptation strategies are numerous and provide a means to manage risks associated with climate change. Adaptation strategies are diverse, including altered risk perception by individuals, greater flexibility of production enterprises, and modifications to social organizations that emphasize climatic variability, rather than consistency. Many adaptations represent "no regrets" actions because their implementation can be justified without emphasis on pending climate change. Adaptations specific to livestock production systems can include flexible herd management, alternative livestock breeds or species, innovative pest management, modified enterprise structures, and geographic relocation. Social-ecological systems in which adaptation is insufficient to counter the adverse consequences of climate change might undergo transformative change to produce alternative ecosystem services, production enterprises, and livelihoods. The rangeland profession is in a pivotal position to provide leadership on this global challenge because it represents the intersection of management and scientific knowledge, includes diverse stakeholders who derive their livelihoods from rangelands, and interacts with organizations responsible for rangeland stewardship.
=592  \\$aPublisher supplied data
=593  \\$aPubAg article
=650  \3$aalternative livestock
=650  \3$abreeds
=650  \3$abusiness enterprises
=650  \3$acarbon dioxide
=650  \3$acarbon sequestration
=650  \3$aclimate change
=650  \3$aclimate models
=650  \3$aecosystem services
=650  \3$aecosystems
=650  \3$agreenhouse gas emissions
=650  \3$aherds
=650  \3$aleadership
=650  \3$alivelihood
=650  \3$alivestock production
=650  \3$aoccupations
=650  \3$aorganizations
=650  \3$apest management
=650  \3$aproduction technology
=650  \3$arangelands
=650  \3$arisk perception
=650  \3$asocial structure
=650  \3$astakeholders
=650  \3$asurveys
=653  \0$acarbon sequestration
=653  \0$aland change science
=653  \0$asocial-ecological systems
=653  \0$asocial learning
=653  \0$asustainability
=653  \0$atransformation
=700  1\$aBriske, David D.$eauthor$uProfessor, Department of Ecosystem Science and Management, Texas A&M University, College Station, TX 77843, USA;
=700  1\$aBrown, Joel R.$eauthor$uRangeland Management Specialist, USDA-NRCS Jornada Experimental Range, New Mexico State University, Las Cruces, NM 88003, USA;
=700  1\$aPolley, H. Wayne$eauthor$uResearch Ecologist, USDA-ARS Grassland, Soil and Water Research Laboratory, Temple, TX 76502, USA;
=700  1\$aMcCarl, Bruce A.$eauthor$uDistinguished Professor, Department of Agricultural Economics, Texas A&M University, College Station, TX 77843, USA;
=700  1\$aBailey, Derek W.$eauthor$uProfessor, Animal and Range Sciences Department, New Mexico State University, Las Cruces, NM 88003, USA.
=773  0\$tRangeland ecology & management.$g2013 Sept., v. 66, no. 5 p.512-528$dElsevier Inc.$aThe Society for Range Management$wJournal:jnl44569$x1550-7424$7nnas
=787  1\$oislandora_article_repository
=787  1\$oproduct_pubag
=787  1\$o(Journal)jnl44569
=856  40$uhttps://dx.doi.org/10.2111/REM-D-12-00142.1$3Available from publisher's site
=912  \\$aArticle
=914  \\$aJournal:jnl44569$b1551-5028$c66$d5$e512
=914  \\$fRangeland ecology & management
=916  \\$aBatch:1152
=917  \\$aissued
=918  2\$aElsevier Consyn$eprovider$5DNAL
=935  \\$aIND601300272$9ExL
=949  \\$a2019-04-12
=953  \\$a/data/metadata/incoming/consyn-backfiles/46-2-00102-HEAD-ONLY.zip
=954  \\$afile:/data/metadata/staging/consyn-backfiles/S1550742413500637.xml
=955  \\$a/data/metadata/staging/consyn-backfiles/
=961  \\$aUSDA/ARSUSDA/NRCSUSDA/FS
=974  \\$aagid:1300272
=983  \\$a2019-04-12
=984  \\$a2019-04-12

