=LDR  05832nab a2200973 u 4500
=001  9915970612407426
=005  20221120231420.0
=008  190412e201309\\xx\|||||o|||||||||||eng||
=016  7\$aIND601300268$2DNAL
=024  7\$a10.2111/REM-D-12-00068.1$2doi
=035  \\$aagid:1300268-01nal_inst
=040  \\$aAGL$beng$cAGL
=100  1\$aPolley, H. Wayne$eauthor$uResearch Ecologist, USDA-ARS Grassland, Soil and Water Research Laboratory, Temple, TX 76502, USA
=245  10$aClimate Change and North American Rangelands: Trends, Projections, and Implications
=300  \\$ap. 493-511.
=520  \\$aThe amplified "greenhouse effect" associated with increasing concentrations of greenhouse gases has increased atmospheric temperature by 1°C since industrialization (around 1750), and it is anticipated to cause an additional 2°C increase by mid-century. Increased biospheric warming is also projected to modify the amount and distribution of annual precipitation and increase the occurrence of both drought and heat waves. The ecological consequences of climate change will vary substantially among ecoregions because of regional differences in antecedent environmental conditions; the rate and magnitude of change in the primary climate change drivers, including elevated carbon dioxide (CO2), warming and precipitation modification; and nonadditive effects among climate drivers. Elevated atmospheric CO2 will directly stimulate plant growth and reduce negative effects of drying in a warmer climate by increasing plant water use efficiency; however, the CO2 effect is mediated by environmental conditions, especially soil water availability. Warming and drying are anticipated to reduce soil water availability, net primary productivity, and other ecosystem processes in the southern Great Plains, the Southwest, and northern Mexico, but warmer and generally wetter conditions will likely enhance these processes in the northern Plains and southern Canada. The Northwest will warm considerably, but annual precipitation is projected to change little despite a large decrease in summer precipitation. Reduced winter snowpack and earlier snowmelt will affect hydrology and riparian systems in the Northwest. Specific consequences of climate change will be numerous and varied and include modifications to forage quantity and quality and livestock production systems, soil C content, fire regimes, livestock metabolism, and plant community composition and species distributions, including range contraction and expansion of invasive species. Recent trends and model projections indicate continued directional change and increasing variability in climate that will substantially affect the provision of ecosystem services on North American rangelands.
=592  \\$aPublisher supplied data
=593  \\$aPubAg article
=650  \3$aair temperature
=650  \3$aatmospheric precipitation
=650  \3$abiogeography
=650  \3$abiosphere
=650  \3$abotanical composition
=650  \3$acarbon dioxide
=650  \3$acarbon dioxide enrichment
=650  \3$aclimate
=650  \3$aclimate change
=650  \3$adrought
=650  \3$adrying
=650  \3$aecoregions
=650  \3$aecosystem services
=650  \3$aecosystems
=650  \3$aenvironmental factors
=650  \3$afire regime
=650  \3$agreenhouse effect
=650  \3$agreenhouse gases
=650  \3$aheat
=650  \3$aindustrialization
=650  \3$ainvasive species
=650  \3$alivestock
=650  \3$alivestock production
=650  \3$ametabolism
=650  \3$aplant available water
=650  \3$aplant growth
=650  \3$aprimary productivity
=650  \3$aproduction technology
=650  \3$arangelands
=650  \3$asnowmelt
=650  \3$asnowpack
=650  \3$asummer
=650  \3$awater use efficiency
=651  \3$aCanada
=651  \3$aMexico
=653  \0$aatmospheric CO2
=653  \0$aatmospheric warming
=653  \0$aclimate variability
=653  \0$agreenhouse gases
=653  \0$alivestock production
=653  \0$aprecipitation patterns
=700  1\$aBriske, David D.$eauthor$uProfessor, Department of Ecosystem Science and Management, Texas A&M University, College Station, TX 77843, USA
=700  1\$aMorgan, Jack A.$eauthor$uPlant Physiologist, USDA-ARS Crops Research Laboratory, Fort Collins, CO 80526, USA
=700  1\$aWolter, Klaus$eauthor$uResearch Associate, National Oceanic and Atmospheric Administration, Earth Systems Research Laboratory, Boulder, CO 80305, USA
=700  1\$aBailey, Derek W.$eauthor$uProfessor, Animal and Range Sciences Department, New Mexico State University, Las Cruces, NM 88003, USA
=700  1\$aBrown, Joel R.$eauthor$uRangeland Management Specialist, USDA-NRCS Jornada Experimental Range, New Mexico State University, Las Cruces, NM 88003, USA.
=773  0\$tRangeland ecology & management.$g2013 Sept., v. 66, no. 5 p.493-511$dElsevier Inc.$aThe Society for Range Management$wJournal:jnl44569$x1550-7424$7nnas
=787  1\$oislandora_article_repository
=787  1\$oproduct_pubag
=787  1\$o(Journal)jnl44569
=856  40$uhttps://dx.doi.org/10.2111/REM-D-12-00068.1$3Available from publisher's site
=912  \\$aArticle
=914  \\$aJournal:jnl44569$b1551-5028$c66$d5$e493
=914  \\$fRangeland ecology & management
=916  \\$aBatch:1152
=917  \\$aissued
=918  2\$aElsevier Consyn$eprovider$5DNAL
=935  \\$aIND601300268$9ExL
=949  \\$a2019-04-12
=953  \\$a/data/metadata/incoming/consyn-backfiles/46-2-00102-HEAD-ONLY.zip
=954  \\$afile:/data/metadata/staging/consyn-backfiles/S1550742413500595.xml
=955  \\$a/data/metadata/staging/consyn-backfiles/
=961  \\$aUSDA/NRCSUSDA/ARS
=974  \\$aagid:1300268
=983  \\$a2019-04-12
=984  \\$a2019-04-12

