=LDR  03566nab a2200757 u 4500
=001  9915972846007426
=005  20221121055036.0
=008  170626e200607\\xx\|||||o|||||||||||eng||
=016  7\$aIND43864342$2DNAL
=024  7\$a10113/28343$2hdl
=024  7\$a16922312$2pmid
=024  7\$a10.1890/0012-9658(2006)87[1611:PEAARO]2.0.CO;2$2doi
=035  \\$aagid:28343-01nal_inst
=040  \\$aAGL$beng$cAGL
=100  1\$aSchwartz, Mark W.$eauthor$uDepartment of Environmental Science and Policy, University of California, Davis, California 95616 USA
=245  10$aPredicting extinctions as a result of climate change
=300  \\$ap. 1611-1615.
=500  \\$aJOURNAL ARTICLE
=500  \\$a2019-12-05
=520  \\$aWidespread extinction is a predicted ecological consequence of global warming. Extinction risk under climate change scenarios is a function of distribution breadth. Focusing on trees and birds of the eastern United States, we used joint climate and environment models to examine fit and climate change vulnerability as a function of distribution breadth. We found that extinction vulnerability increases with decreasing distribution size. We also found that model fit decreases with decreasing distribution size, resulting in high prediction uncertainty among narrowly distributed species. High prediction uncertainty creates a conservation dilemma in that excluding these species under‐predicts extinction risk and favors mistaken inaction on global warming. By contrast, including narrow endemics results in over‐predicting extinction risk and promotes mistaken inaction on behalf of individual species prematurely considered doomed to extinction.
=592  \\$aPublisher supplied data
=593  \\$aPubAg article
=593  \\$cUSDA submission
=650  \3$apopulation distribution
=650  \3$arisk assessment
=650  \3$atrees
=650  \3$aglobal warming
=650  \3$aextinction
=650  \3$awild birds
=650  \3$aclimate models
=650  \3$aprediction
=650  \2$aAnimals
=650  \2$aBirds
=650  \2$aEcosystem
=650  \2$aExtinction, Biological
=650  \2$aGreenhouse Effect
=650  \2$aModels, Biological
=650  \2$aPopulation Dynamics
=650  \2$aTrees
=651  \3$aEastern United States
=653  \0$aenvironmental models
=700  1\$aIverson, Louis R.$eauthor
=700  1\$aPrasad, Anantha M.$eauthor$uUSDA Forest Service, Northeastern Research Station, Delaware, Ohio 43015 USA
=700  1\$aMatthews, Stephen N.$eauthor
=700  1\$aO'Connor, Raymond J.$eauthor$uDepartment of Wildlife Ecology, University of Maine, Orono, Maine 04469-5755 USA
=773  0\$tEcology.$g2006 July, v. 87, no. 7 p.1611-1615$dEcological Society of America$x0012-9658$7nnas
=787  1\$oproduct_pubag
=787  1\$oislandora_article_repository
=787  1\$oislandora_pubag_with_text
=787  1\$o(Journal)jnl46164
=852  \\$aDNAL
=856  40$uhttps://handle.nal.usda.gov/10113/28343$3Available in the National Agricultural Library PubAg search system
=856  40$uhttp://dx.doi.org/10.1890/0012-9658(2006)87%5B1611:PEAARO%5D2.0.CO;2$3Available from publisher's site
=912  \\$aArticle
=914  \\$aJournal:jnl46164$b0012-9658$c87$d7$e1611
=914  \\$fEcology
=917  \\$aissued
=918  2\$aJohn Wiley & Sons, Inc$eprovider$5DNAL
=935  \\$aIND43864342$9ExL
=949  \\$a2014-07-17
=953  \\$a00129658_2006_87_7.xml
=961  \\$aUSDA/FS
=974  \\$aagid:28343
=983  \\$a2017-06-26
=984  \\$a2017-06-26
=986  \\$a3864342

