=LDR  04520nab a2200805 u 4500
=001  9915973633607426
=005  20221120063727.0
=008  190318e201707\\xx\|||||o|||||||||||eng||
=016  7\$aIND605660186$2DNAL
=024  7\$a10.1016/j.soilbio.2017.03.008$2doi
=035  \\$aagid:5660186-01nal_inst
=040  \\$aAGL$beng$cAGL
=100  1\$aCoyle, David R.$eauthor$uD.B. Warnell School of Forestry and Natural Resources, University of Georgia, Athens, GA, USA
=245  10$aSoil fauna responses to natural disturbances, invasive species, and global climate change: Current state of the science and a call to action
=300  \\$ap. 116-133.
=520  \\$aEnvironmental disturbances seem to be increasing in frequency and impact, yet we have little understanding of the belowground impacts of these events. Soil fauna, while widely acknowledged to be important drivers of biogeochemical function, soil structure and sustainability, and trophic interactions, are understudied compared to other belowground organisms such as archaea, bacteria, and fungi. In this review we summarize the current state of knowledge of soil fauna as it relates to and is influenced by various disturbances. We focus our review on three main natural and anthropogenic disturbance types: 1) natural disturbances, including damage from wind and flooding; 2) invasive species, including above and belowground flora and fauna; and 3) climate change impacts on the atmosphere and temperature. We do not address the impacts of wildfires, forestry, agricultural practices, mining, or human-caused pollution, as these topics have all been covered in other works. We highlight knowledge gaps and suggest future avenues of research, with hope that the importance of soil fauna and their influences on ecosystems will be given greater emphasis in future research.
=592  \\$aPublisher supplied data
=593  \\$aPubAg article
=650  \3$aArchaea
=650  \3$aanthropogenic activities
=650  \3$abacteria
=650  \3$aclimate change
=650  \3$aecosystems
=650  \3$aflora
=650  \3$aforestry
=650  \3$afungi
=650  \3$ainvasive species
=650  \3$amining
=650  \3$apollution
=650  \3$asoil fauna
=650  \3$asoil structure
=650  \3$atemperature
=650  \3$atrophic relationships
=650  \3$awildfires
=650  \3$awind
=653  \0$aBelowground
=653  \0$aBiodiversity
=653  \0$aClimate change
=653  \0$aEcosystem function
=653  \0$aInvasive species
=653  \0$aInvertebrate
=653  \0$aTaxonomy
=700  1\$aNagendra, Uma J.$eauthor$uDepartment of Plant Biology, University of Georgia, Athens, GA, USA$1https://orcid.org/0000-0002-9892-9402
=700  1\$aTaylor, Melanie K.$eauthor$uUSDA Forest Service, Southern Research Station, Center for Forest Disturbance Science, Athens, GA, USA
=700  1\$aCampbell, J. Holly$eauthor$uD.B. Warnell School of Forestry and Natural Resources, University of Georgia, Athens, GA, USA
=700  1\$aCunard, Chelsea E.$eauthor$uDepartment of Plant Biology, University of Georgia, Athens, GA, USA
=700  1\$aJoslin, Aaron H.$eauthor$uD.B. Warnell School of Forestry and Natural Resources, University of Georgia, Athens, GA, USA
=700  1\$aMundepi, Abha$eauthor$uCrop and Soil Sciences Department, University of Georgia, Griffin, GA, USA
=700  1\$aPhillips, Carly A.$eauthor$uOdum School of Ecology, University of Georgia, Athens, GA, USA
=700  1\$aCallaham, Mac A.$eauthor$uUSDA Forest Service, Southern Research Station, Center for Forest Disturbance Science, Athens, GA, USA
=773  0\$tSoil biology & biochemistry.$g2017 July, v. 110 p.116-133$dElsevier Ltd$aElsevier Ltd$wJournal:jnl124$x0038-0717$7nnas
=787  1\$oislandora_article_repository
=787  1\$oproduct_pubag
=787  1\$o(Journal)jnl124
=856  40$uhttps://dx.doi.org/10.1016/j.soilbio.2017.03.008$3Available from publisher's site
=912  \\$aArticle
=914  \\$aJournal:jnl124$b0038-0717$c110$e116
=914  \\$fSoil biology & biochemistry
=916  \\$aBatch:1703
=917  \\$aissued
=918  2\$aElsevier Consyn$eprovider$5DNAL
=935  \\$aIND605660186$9ExL
=949  \\$a2019-03-18
=953  \\$a/data/metadata/incoming/consyn/46-2-00018-HEAD-ONLY.zip
=954  \\$afile:/data/metadata/staging/consyn/S0038071717301530.xml
=955  \\$a/data/metadata/staging/consyn/
=961  \\$aUSDA/FS
=974  \\$aagid:5660186
=983  \\$a2019-03-18
=984  \\$a2019-03-18

