=LDR  05591nab a2201021 u 4500
=001  9915981431507426
=005  20221214225321.0
=008  190403e20170131xx\|||||o|||||||||||eng||
=016  7\$aIND605585598$2DNAL
=024  7\$a320719$2aris
=024  7\$a10113/5585598$2hdl
=024  7\$a10.1016/j.agwat.2016.11.007$2doi
=024  8\$ans17594
=035  \\$aagid:5585598-01nal_inst
=040  \\$aAGL$beng$cAGL
=100  1\$aMa, L.$eauthor$uUSDA-ARS, Agricultural Systems Research Unit, Fort Collins, CO 80526, United States
=245  10$aModeling yield and biomass responses of maize cultivars to climate change under full and deficit irrigation
=300  \\$ap. 88-98.
=506  \\$aWorks produced by employees of the U.S. Government as part of their official duties are not copyrighted within the U.S. The content of this document is not copyrighted.
=520  \\$aWith as much as 4.8°C increase in air temperature by end of 21st century, new crop cultivars are needed for adapting to the new climate. The objective of this study was to identify maize (Zea mays L.) cultivar parameters that maintain yield under projected climate for late in the 21st century under full and deficit irrigation in a semi-arid region. The Root Zone Water Quality Model (RZWQM2) was calibrated with four years of maize data from northeastern Colorado, USA, under various irrigation conditions and was then used to simulate climate change effects on maize production with current management practices. Results showed that projected climate change decreased yield by 21% and biomass by 7% late in the 21st century (2070-2091) under full irrigation, compared to yield in the current climate (1992-2013). Under deficit irrigation, the corresponding reductions were 14% and 3%, respectively. Using the cultivar parameters calibrated with RZWQM2 for southern Colorado condition did not show yield decrease under future climate, but it simulated much lower yield under current climate in northeastern Colorado. A cultivar from the DSSAT (Decision Support Systems for Agrotechnology Transfer) crop database (GL 482) produced similar yield to experimental data under current climate and increased yield by 4% at full irrigation under future climate in northeastern Colorado. Using Latin Hypercube Sampling (LHS), we also identified 70 cultivars with longer maturity duration (between silking and physiological maturity) and higher grain filling rate for mitigating climate change effects on maize production. These two identified traits can guide plant breeders in developing cultivars for the future.
=592  \\$aPublisher supplied data
=593  \\$aPubAg article
=593  \\$eARIS manuscript
=650  \3$aRoot Zone Water Quality Model
=650  \3$aZea mays
=650  \3$aair temperature
=650  \3$abiomass production
=650  \3$aclimate change
=650  \3$acorn
=650  \3$acrop production
=650  \3$acultivars
=650  \3$adatabases
=650  \3$adecision support systems
=650  \3$adeficit irrigation
=650  \3$afilling period
=650  \3$airrigation rates
=650  \3$asemiarid zones
=651  \3$aColorado
=653  \0$aAET
=653  \0$aDSSAT
=653  \0$aET
=653  \0$aETc
=653  \0$aETr
=653  \0$aGLEAMS
=653  \0$aIPCC
=653  \0$aLHS
=653  \0$aRCP
=653  \0$aRZWQM
=653  \0$aSHAW
=653  \0$aTDR
=653  \0$aWUE
=653  \0$aSystems modeling
=653  \0$aRZWQM
=653  \0$aDSSAT
=653  \0$aCultivar traits
=653  \0$aClimate adaptation
=653  \0$aCrop simulation
=653  \0$aIrrigation management
=653  \0$aColorado
=700  1\$aAhuja, L.R.$eauthor$uUSDA-ARS, Agricultural Systems Research Unit, Fort Collins, CO 80526, United States
=700  1\$aIslam, A.$eauthor$uDivision of Natural Resources Management (NRM), Indian Council of Agricultural Research (ICAR), New Delhi, 110012, India
=700  1\$aTrout, T.J.$eauthor$uUSDA-ARS, Water Management and Systems Research Unit, Fort Collins, CO 80526, United States
=700  1\$aSaseendran, S.A.$eauthor$uUSDA-ARS, Crop Production Systems Research Unit, Stoneville, MS 38776, United States
=700  1\$aMalone, R.W.$eauthor$uUSDA-ARS, The National Lab for Agricultural and The Environment, Ames, IA 50011, United States
=773  0\$tAgricultural water management.$g2017 Jan. 31, v. 180 p.88-98$dElsevier B.V.$wJournal:jnl8460$x0378-3774$7nnas
=787  1\$oislandora_article_repository
=787  1\$oproduct_pubag
=787  1\$o(Journal)jnl8460
=856  40$uhttps://dx.doi.org/10.1016/j.agwat.2016.11.007$3Available from publisher's site
=856  40$uhttps://handle.nal.usda.gov/10113/5585598$3Available in the National Agricultural Library PubAg search system
=912  \\$aArticle
=914  \\$aJournal:jnl8460$b0378-3774$c180$e88
=914  \\$fAgricultural water management
=916  \\$aBatch:1481
=917  \\$aissued
=918  2\$aElsevier Consyn$eprovider$5DNAL
=935  \\$aIND605585598$9ExL
=949  \\$a2019-08-22
=953  \\$a/data/metadata/incoming/consyn-backfiles/46-2-00066-HEAD-ONLY.zip
=954  \\$afile:/data/metadata/staging/consyn-backfiles/S0378377416304504.xml
=955  \\$a/data/metadata/staging/consyn-backfiles/
=956  \\$aARIS submission$bhttps://submit.nal.usda.gov/system/files/submissions/nal%20320719%20Malone%20modeling%20yeild%20and%20biomass%202016.pdf
=961  \\$aUSDA/ARS
=962  \\$aUSDA Scientist Submission
=974  \\$aagid:5585598
=983  \\$a2019-04-03
=984  \\$a2019-08-22
=986  \\$ans17594

