=LDR  04247nab a2200685 u 4500
=001  9915991353407426
=005  20221122211315.0
=008  210119e202009\\xx\|||||o|||||||||||eng||
=016  7\$aIND607145531$2DNAL
=024  7\$a10.1007/s10584-020-02748-9$2doi
=035  \\$aagid:7145531-01nal_inst
=040  \\$aAGL$beng$cAGL
=100  1\$aBrown, Dana R. N.$eauthor$uInstitute of Arctic Biology, University of Alaska Fairbanks, Fairbanks, Alaska, USA. drbrown11@alaska.edu$1https://orcid.org/0000-0002-1195-7161
=245  10$aImplications of climate variability and changing seasonal hydrology for subarctic riverbank erosion
=300  \\$ap. 1-20.
=520  \\$aWarmer climatic conditions have been associated with numerous hydrologic changes that may impact riverbank erosion in cold regions, but the net effect is not well understood. We used regression and correlation analyses to examine the relationships among subarctic riverbank erosion and seasonal hydrology, the impact of climate change and variability, and the societal implications. Geomorphic change (loss and gain of vegetated land) was mapped along several river reaches in the Yukon River Basin, Alaska, throughout 1984 and 2017 using Landsat satellite imagery. Annual erosion rates were estimated from these spatial data. At most study sites, erosion rates (km²/year) were either positively correlated (r = 0.68-0.84, p = 0.0085-0.061) with monthly mean discharge within the cold season or inversely correlated (r = − 0.74 - −0.62, p < 0.10) with river ice breakup date in the spring. These proximate controls on erosion, in turn, were influenced both by climate variability and long-term climatic change. We conclude that increased cold season discharge and earlier freshet that occurs under warmer conditions enhance riverbank erosion in most areas. Climate-related changes to fluvial dynamics may impact communities through effects on infrastructure, travel safety, channel navigability, fish and wildlife habitat, and access to subsistence resources.
=592  \\$aPublisher supplied data
=593  \\$aPubAg article
=596  \\$aNNX15AT72A$cNational Aeronautics and Space Administration
=596  \\$a1518563$cNational Science Foundation (US)
=650  \3$aLandsat
=650  \3$abank erosion
=650  \3$aclimate change
=650  \3$aclimatic factors
=650  \3$acold season
=650  \3$acold zones
=650  \3$ahydrology
=650  \3$aice
=650  \3$aremote sensing
=650  \3$arivers
=650  \3$aspatial data
=650  \3$aspring
=650  \3$awatersheds
=651  \3$aAlaska
=700  1\$aBrinkman, Todd J.$eauthor$uInstitute of Arctic Biology, University of Alaska Fairbanks, Fairbanks, Alaska, USA
=700  1\$aBolton, W. Robert$eauthor$uInternational Arctic Research Center, University of Alaska Fairbanks, Fairbanks, Alaska, USA
=700  1\$aBrown, Caroline L.$eauthor$uAlaska Department of Fish and Game, Fairbanks, Alaska, USA
=700  1\$aCold, Helen S.$eauthor$uAlaska Department of Fish and Game, Fairbanks, Alaska, USA
=700  1\$aHollingsworth, Teresa N.$eauthor$uUSDA Forest Service, PNW Research Station, University of Alaska Fairbanks, Fairbanks, Alaska, USA
=700  1\$aVerbyla, David L.$eauthor$uDepartment of Natural Resources Management, University of Alaska Fairbanks, Fairbanks, Alaska, USA
=773  0\$tClimatic change.$g2020 Sept., v. 162, no. 2 p.1-20$dSpringer Netherlands$wJournal:jnl8952$x0165-0009$7nnas
=787  1\$oislandora_article_repository
=787  1\$oproduct_pubag
=787  1\$o(Journal)jnl8952
=856  40$uhttps://dx.doi.org/10.1007/s10584-020-02748-9$3Available from publisher's site
=912  \\$aArticle
=914  \\$aJournal:jnl8952$b0165-0009$c162$d2$e1
=914  \\$fClimatic change
=916  \\$aBatch:2628
=917  \\$aissued
=918  2\$aSpringer$eprovider$5DNAL
=935  \\$aIND607145531$9ExL
=949  \\$a2020-12-24
=953  \\$a/data/metadata/incoming/springer/ftp_PUB_21-01-19_05-19-22.zip
=954  \\$afile:/data/metadata/staging/springer/10584-162-2.xml
=955  \\$a/data/metadata/staging/springer/
=961  \\$aUSDA/FS
=974  \\$aagid:7145531
=983  \\$a2021-01-19
=984  \\$a2021-01-19

