=LDR  02053nab a2200601 u 4500
=001  9915993177407426
=005  20221122235145.0
=008  080205|xx\|||||||||||||||||eng||
=016  7\$aIND44010555$2DNAL
=024  7\$a10113/20223$2hdl
=035  \\$aagid:20223-01nal_inst
=040  \\$aAGL$beng$cAGL
=072  \0$aJ700
=072  \0$aJ710
=072  \0$aJ200
=100  1\$aReicosky, D.C.
=245  10$aConservation agriculture: Environmental benefits of reduced tillage and soil carbon management in water-limited areas of Central Asia
=500  \\$aIncludes references
=500  \\$a2019-12-04
=593  \\$aPubAg article
=594  \\$aEmbargoed article
=650  \3$aarid zones
=650  \3$acrop production
=650  \3$asoil organic carbon
=650  \3$areduced tillage
=650  \3$aprecision agriculture
=650  \3$asemiarid zones
=650  \3$acarbon sequestration
=650  \3$airrigated soils
=650  \3$airrigated farming
=651  \3$aCentral Asia
=653  \0$aconservation agriculture
=653  \0$aconservation tillage
=773  0\$tClimate change and terrestrial carbon sequestration in Central Asia /  editors, R. Lal ... [et al.].$dTaylor & Francis c2007.$7nnas
=787  1\$oproduct_pubag
=787  1\$oislandora_article_repository
=852  \\$aDNAL
=856  40$uhttps://handle.nal.usda.gov/10113/20223$3Available in the National Agricultural Library PubAg search system
=912  \\$aArticle
=914  \\$fClimate change and terrestrial carbon sequestration in Central Asia /  editors, R. Lal ... [et al.]
=917  \\$aissued
=930  \\$a20081009$b20081101$c00000000
=935  \\$aIND44010555$9ExL
=945  \\$aIND$dRHF$e2008/10/09
=946  \\$aNon-US
=949  \\$a2014-07-17
=952  \\$a20081009 20081101 00000000$bIND RHF 2008/10/09
=961  \\$aUSDA/ARS
=974  \\$aagid:20223
=979  \\$aMissing Issue date
=984  \\$a2008-11-01
=985  \\$aConverted from MARCXML to MODS version 3.4 using MARC21slim2MODS3-4.xsl (Revision 1.95 2014/04/23)
=986  \\$a4010555

