=LDR  04580nab a2200901 u 4500
=001  9915993956807426
=005  20221214231745.0
=008  170516e20160801xx\|||||o|||||||||||eng||
=016  7\$aIND605695463$2DNAL
=024  7\$a10113/5695463$2hdl
=024  7\$a325963$2aris
=024  7\$a10.1111/j.1936-704X.2016.03218.x$2doi
=024  8\$ans12422
=035  \\$aagid:5695463-01nal_inst
=040  \\$aAGL$beng$cAGL
=100  1\$aElias, Emile$eauthor
=245  10$aClimate change, agriculture and water resources in the Southwestern United States
=300  \\$ap. 46-61.
=506  \\$aWorks produced by employees of the U.S. Government as part of their official duties are not copyrighted within the U.S. The content of this document is not copyrighted.
=520  \\$aIn February 2014 the USDA established regional climate hubs across the United States to assist farmers, ranchers and foresters in adapting to the effects of climate change. The Southwest (SW) region encompasses six states which provide highly diverse agricultural crops including cotton, stone fruit and grapes. Here we report on the establishment of programs to assist SW working landowners with the impacts of climate change, with focus on the water resources of the region. Water is a critical component of agricultural vulnerability in the SW, where high agricultural production can occur with sufficient irrigation. Since 1978, crop yield declines were reported on 11-21% of total irrigated acres, mostly due to surface water shortage. Southwestern agriculture relies heavily on groundwater, using it to supply more than one-third of the agricultural water demand since 1955. Regional groundwater use varies over time, with a decline in the agricultural groundwater fraction in Arizona, but an increase in the fraction in Nevada and Utah. Observed and predicted changes in the southwestern hydrologic cycle can impact regional agriculture. Observed records show an increase in the fraction of precipitation falling as rain, which is expected to continue with future warming. Warming causes the snowmelt to peak earlier in the season and can reduce water available to crops during the summer months without additional water storage. Observed records indicate streamflow has shifted earlier in the year, most notably in snow dominated watersheds a continuation of this trend may challenge regional agriculture by further limiting water supply.
=593  \\$aPubAg article
=593  \\$cUSDA submission
=594  \\$aEmbargoed article
=595  \\$bmartinezc$c2017-07-23$dcmartinez$e2017-07-23
=593  \\$eARIS manuscript
=650  \3$aUSDA
=650  \3$aclimate
=650  \3$aclimate change
=650  \3$acotton
=650  \3$acrop yield
=650  \3$acrops
=650  \3$aeducation
=650  \3$aforesters
=650  \3$agrapes
=650  \3$agroundwater
=650  \3$ahydrologic cycle
=650  \3$airrigation
=650  \3$alandowners
=650  \3$arain
=650  \3$aranchers
=650  \3$asnow
=650  \3$asnowmelt
=650  \3$astone fruits
=650  \3$astream flow
=650  \3$asummer
=650  \3$asurface water
=650  \3$awater shortages
=650  \3$awatersheds
=651  \3$aArizona
=651  \3$aNevada
=651  \3$aUtah
=700  1\$aRango, Albert$eauthor
=700  1\$aSmith, Ryann$eauthor
=700  1\$aMaxwell, Connie J.$eauthor
=700  1\$aSteele, Catriana M.$eauthor
=700  1\$aHavstad, Kris M.$eauthor
=773  0\$tJournal of contemporary water research and education.$g2016 Aug. 1, v. 158 p.46-61$wJournal:21516$x1936-704X$7nnas
=787  1\$oislandora_article_repository
=787  1\$oproduct_pubag
=787  1\$o(Journal)21516
=856  40$uhttps://handle.nal.usda.gov/10113/5695463$3Available in the National Agricultural Library PubAg search system
=856  40$uhttp://dx.doi.org/10.1111/j.1936-704X.2016.03218.x
=912  \\$aArticle
=914  \\$aJournal:21516$c158$e46
=914  \\$fJournal of contemporary water research and education
=916  \\$aBatch:1795
=917  \\$aissued
=935  \\$aIND605695463$9ExL
=949  \\$a2021-06-22
=956  \\$aARIS submission$bhttps://submit.nal.usda.gov/system/files/submissions/16-017.pdf
=961  \\$aUSDA
=962  \\$aUSDA Scientist Submission
=962  \\$aBatch:1795 reviewed on 2017-08-07T14:00:03Z
=974  \\$aagid:5695463
=983  \\$a2017-05-16
=984  \\$a2020-09-10
=985  \\$aUSDA submission converted from Drupal to MODS version 3.4 using submission2mods.xsl (Revision 1.002 2014/01/28)
=986  \\$ans12422

