=LDR  04542nab a2200793 u 4500
=001  9915994023607426
=005  20221214223453.0
=008  161201e20120125xx\|||||o|||||||||||eng||
=016  7\$aIND605695350$2DNAL
=024  7\$a10113/5695350$2hdl
=024  7\$a277670$2aris
=024  7\$a10.2489/jswc.67.5.343$2doi
=035  \\$aagid:5695350-01nal_inst
=040  \\$aAGL$beng$cAGL
=100  1\$aDabney, S. M.$eauthor
=245  14$aThe application of the Revised Universal Soil Loss Equation, Version 2, to evaluate the impacts of alternative climate change scenarios on runoff and sediment yield
=300  \\$ap. 343-353.
=506  \\$aWorks produced by employees of the U.S. Government as part of their official duties are not copyrighted within the U.S. The content of this document is not copyrighted.
=520  \\$aThe Revised Universal Soil Loss Equation, Version 2 (RUSLE2) provides robust estimates of average annual sheet and rill erosion for one-dimensional hillslope representations. Extensive databases describing climate, soils, and management options have been developed and are widely used in the USA for conservation planning. The increasing availability of high resolution topographic information creates opportunities for Geographical Information System tools to automatically delineate the location of concentrated flow areas where RUSLE2 hillslope profiles end. Recent RUSLE2 enhancements to allow estimation of erosion and runoff from a representative sequence of runoff events that are suitable for linkage with an ephemeral gully model. This paper reviews the sensitivity of RUSLE2 erosion estimates to possible climate change scenarios, demonstrates its ability to evaluate alternative management adaptations, and compares predictions with observations of runoff and sediment yield from the a 6.6 ha (16 acre) research watershed located near Treynor, IA. When applied to a representative hillslope profile farmed with conventional-tillage corn, increasing monthly temperature by 0.8 °C (1.5 °F) and rainfall depth, rainfall erosivity density, and 10-year, 24-hour rainfall depth each by 10% cumulatively increased sheet and rill erosion by 47%, increased runoff by 33%, assuming there was no change in corn yield. If the climate changes decreased corn yield by 10%, the overall effect was to increase soil loss for conservation planning by 63%. These results demonstrate that modest and expected changes in climate will significantly increase the risk of soil erosion and improved conservation management will be an important part of successful adaptation.
=593  \\$aPubAg article
=594  \\$aEmbargoed article
=593  \\$eARIS manuscript
=650  \3$aRevised Universal Soil Loss Equation
=650  \3$aZea mays
=650  \3$aclimate
=650  \3$aclimate change
=650  \3$aconventional tillage
=650  \3$acorn
=650  \3$acrop yield
=650  \3$adatabases
=650  \3$ageographic information systems
=650  \3$aplanning
=650  \3$aprediction
=650  \3$arain
=650  \3$arill erosion
=650  \3$arisk
=650  \3$arunoff
=650  \3$asediment yield
=650  \3$asoil
=650  \3$asoil conservation
=650  \3$aspatial data
=650  \3$atemperature
=650  \3$atopography
=650  \3$awatersheds
=651  \3$aIowa
=700  1\$aYoder, D. C.$eauthor
=700  1\$aVieira, D. A. N.$eauthor
=773  0\$tJournal of soil and water conservation.$g2012 Jan. 25, v. 67, no. 5 p.343-353$wJournal:1947$x0022-4561; 1941-3300$7nnas
=787  1\$oislandora_article_repository
=787  1\$oproduct_pubag
=787  1\$o(Journal)1947
=856  40$uhttps://handle.nal.usda.gov/10113/5695350$3Available in the National Agricultural Library PubAg search system
=856  40$uhttp://dx.doi.org/10.2489/jswc.67.5.343
=912  \\$aArticle
=914  \\$aJournal:1947$c67$d5$e343
=914  \\$fJournal of soil and water conservation
=916  \\$aBatch:1883
=917  \\$aissued
=935  \\$aIND605695350$9ExL
=949  \\$a2018-01-18
=956  \\$aARIS submission$bhttps://submit.nal.usda.gov/system/files/submissions/1601-Dabney-The%20Application%20of%20the%20Revised.pdf
=961  \\$aUSDA
=962  \\$aUSDA Scientist Submission
=962  \\$aBatch:1883 reviewed on 2018-01-18T04:00:03Z
=974  \\$aagid:5695350
=983  \\$a2016-12-01
=984  \\$a2018-01-18
=985  \\$aUSDA submission converted from Drupal to MODS version 3.4 using submission2mods.xsl (Revision 1.002 2014/01/28)
=986  \\$ans11599

