=LDR  04868nab a2200529 u 4500
=001  9915994588107426
=005  20221122174931.0
=008  200226e20161102xx\|||||o|||||||||||eng||
=016  7\$aIND606817045$2DNAL
=024  7\$a10.3920/WMJ2016.2130$2doi
=035  \\$aagid:6817045-01nal_inst
=040  \\$aAGL$beng$cAGL
=100  1\$aBandyopadhyay, R.$eauthor$uInternational Institute of Tropical Agriculture (IITA), PMB 5320, Oyo Road, 200001 Ibadan, Nigeria
=245  10$aBiological control of aflatoxins in Africa: current status and potential challenges in the face of climate change
=300  \\$ap. 771-789.
=520  \\$aAflatoxin contamination of crops is frequent in warm regions across the globe, including large areas in sub-Saharan Africa. Crop contamination with these dangerous toxins transcends health, food security, and trade sectors. It cuts across the value chain, affecting farmers, traders, markets, and finally consumers. Diverse fungi within Aspergillus section Flavi contaminate crops with aflatoxins. Within these Aspergillus communities, several genotypes are not capable of producing aflatoxins (atoxigenic). Carefully selected atoxigenic genotypes in biological control (biocontrol) formulations efficiently reduce aflatoxin contamination of crops when applied prior to flowering in the field. This safe and environmentally friendly, effective technology was pioneered in the US, where well over a million acres of susceptible crops are treated annually. The technology has been improved for use in sub-Saharan Africa, where efforts are under way to develop biocontrol products, under the trade name Aflasafe, for 11 African nations. The number of participating nations is expected to increase. In parallel, state of the art technology has been developed for large-scale inexpensive manufacture of Aflasafe products under the conditions present in many African nations. Results to date indicate that all Aflasafe products, registered and under experimental use, reduce aflatoxin concentrations in treated crops by >80% in comparison to untreated crops in both field and storage conditions. Benefits of aflatoxin biocontrol technologies are discussed along with potential challenges, including climate change, likely to be faced during the scaling-up of Aflasafe products. Lastly, we respond to several apprehensions expressed in the literature about the use of atoxigenic genotypes in biocontrol formulations. These responses relate to the following apprehensions: sorghum as carrier, distribution costs, aflatoxin-conscious markets, efficacy during drought, post-harvest benefits, risk of allergies and/or aspergillosis, influence of Aflasafe on other mycotoxins and on soil microenvironment, dynamics of Aspergillus genotypes, and recombination between atoxigenic and toxigenic genotypes in natural conditions.
=592  \\$aPublisher supplied data
=653  \0$aatoxigenic
=653  \0$amaize
=653  \0$agroundnut
=653  \0$aAflasafe
=653  \0$acommercialisation
=700  1\$aOrtega-Beltran, A.$eauthor$uInternational Institute of Tropical Agriculture (IITA), PMB 5320, Oyo Road, 200001 Ibadan, Nigeria
=700  1\$aAkande, A.$eauthor$uIITA, PMB 82, Garki GPO, Kubwa, Abuja, Nigeria
=700  1\$aMutegi, C.$eauthor$uIITA, ILRI campus, P.O. Box 30772-00100, Nairobi, Kenya
=700  1\$aAtehnkeng, J.$eauthor$uIITA, Chitedze Research Station, Off Mchinji Road, P.O. Box 30258, Lilongwe 3, Malawi
=700  1\$aKaptoge, L.$eauthor$uInternational Institute of Tropical Agriculture (IITA), PMB 5320, Oyo Road, 200001 Ibadan, Nigeria
=700  1\$aSenghor, A.L.$eauthor$uLa Direction de la Protection des Végétaux (DPV), Km 15, Route de Rufisque, en face Forail, BP 20054, Thiaroye-Dakar, Senegal
=700  1\$aAdhikari, B.N.$eauthor$uUSDA-ARS, School of Plant Sciences, University of Arizona, P.O. Box 210036, Tucson, AZ 85721-0036, USA
=700  1\$aCotty, P.J.$eauthor$uUSDA-ARS, School of Plant Sciences, University of Arizona, P.O. Box 210036, Tucson, AZ 85721-0036, USA
=773  0\$tWorld mycotoxin journal.$g2016 Nov. 2, v. 9, no. 5 p.771-789$dWageningen Academic Publishers$wJournal:jnl4395724$x1875-0796$7nnas
=787  1\$oislandora_article_repository
=787  1\$o(Journal)jnl4395724
=856  40$uhttps://dx.doi.org/10.3920/WMJ2016.2130$3Available from publisher's site
=912  \\$aArticle
=914  \\$aJournal:jnl4395724$b1875-0796$c9$d5$e771
=914  \\$fWorld mycotoxin journal
=917  \\$areview
=918  2\$aWageningen Academic Publishers$eprovider$5DNAL
=935  \\$aIND606817045$9ExL
=953  \\$a/data/metadata/incoming/wagen/WMJv9i5-02250342-125115.zip
=954  \\$afile:/data/metadata/staging/wagen/wmj2016.2130.xml
=955  \\$a/data/metadata/staging/wagen/
=961  \\$aUSDA/ARS
=974  \\$aagid:6817045
=983  \\$a2020-02-26
=984  \\$a2020-02-26

