=LDR  03363nab a2200469 u 4500
=001  9915994593007426
=005  20221122174909.0
=008  200226e20161102xx\|||||o|||||||||||eng||
=016  7\$aIND606817034$2DNAL
=024  7\$a10.3920/WMJ2016.2049$2doi
=035  \\$aagid:6817034-01nal_inst
=040  \\$aAGL$beng$cAGL
=100  1\$aGilbert, M.K.$eauthor$uFood and Feed Safety Research Unit, Agricultural Research Service, USDA, New Orleans, LA 70124-4305, USA
=245  10$aUse of functional genomics to assess the climate change impact on Aspergillus flavus and aflatoxin production
=300  \\$ap. 665-672.
=520  \\$aAspergillus flavus is an opportunistic and pathogenic fungus that infects several crops of agricultural importance and under certain conditions may produce carcinogenic mycotoxins. Rising global temperatures, disrupted precipitation patterns and increased CO₂ levels that are associated with future climate conditions are expected to impact the growth and toxigenic potential of A. flavus. Both laboratory and real world observations have demonstrated this potential, especially when examining the effects of water availability and temperature. Recent experiments have also established that CO₂ may also be affecting toxin production. The application of current technologies in the field of functional genomics, including genomic sequencing, RNA-seq, microarray technologies and proteomics have revealed climate change-related, abiotic regulation of the aflatoxin cluster and influence on the plant-fungus interaction. Furthermore, elevated CO₂ levels have been shown to impact expression of the aflatoxin biosynthetic regulatory gene aflR. The use of functional genomics will allow researchers to better understand the underlying transcriptomic response within the fungus to climate change, with a view towards predicting changes in fungal infection and toxin production associated with climate change.
=592  \\$aPublisher supplied data
=653  \0$amycotoxins
=653  \0$awater activity
=653  \0$atemperature
=653  \0$acarbon dioxide
=653  \0$atranscriptomics
=700  1\$aMack, B.M.$eauthor$uFood and Feed Safety Research Unit, Agricultural Research Service, USDA, New Orleans, LA 70124-4305, USA
=700  1\$aPayne, G.A.$eauthor$uDepartment of Plant Pathology, North Carolina State University, Raleigh, NC 27695-7567, USA
=700  1\$aBhatnagar, D.$eauthor$uFood and Feed Safety Research Unit, Agricultural Research Service, USDA, New Orleans, LA 70124-4305, USA
=773  0\$tWorld mycotoxin journal.$g2016 Nov. 2, v. 9, no. 5 p.665-672$dWageningen Academic Publishers$wJournal:jnl4395724$x1875-0796$7nnas
=787  1\$oislandora_article_repository
=787  1\$o(Journal)jnl4395724
=856  40$uhttps://dx.doi.org/10.3920/WMJ2016.2049$3Available from publisher's site
=912  \\$aArticle
=914  \\$aJournal:jnl4395724$b1875-0796$c9$d5$e665
=914  \\$fWorld mycotoxin journal
=917  \\$areview
=918  2\$aWageningen Academic Publishers$eprovider$5DNAL
=935  \\$aIND606817034$9ExL
=953  \\$a/data/metadata/incoming/wagen/WMJv9i5-02250342-125115.zip
=954  \\$afile:/data/metadata/staging/wagen/wmj2016.2049.xml
=955  \\$a/data/metadata/staging/wagen/
=961  \\$aUSDA/ARS
=974  \\$aagid:6817034
=983  \\$a2020-02-26
=984  \\$a2020-02-26

