=LDR  04065nab a2200781 u 4500
=001  9915994685807426
=005  20221117183610.0
=008  021126e200209\\enk|||||o|||||||||||eng||
=016  7\$aIND23298516$2DNAL
=024  7\$a10.1046/j.1365-2486.2002.00516.x$2doi
=024  7\$a10113/17219$2hdl
=035  \\$aagid:17219-01nal_inst
=040  \\$aAGL$beng$cAGL
=100  1\$aRehfeldt, G.E.
=245  10$aIntraspecific responses to climate in Pinus sylvestris
=300  \\$ap. 912-929.
=500  \\$aIncludes references
=500  \\$a2019-12-04
=520  \\$aFive population-specific response functions were developed from quadratic models for 110 populations of Pinus sylvestris growing at 47 planting sites in Eurasia and North America. The functions predict 13 year height from climate: degree-days > 5 °C; mean annual temperature; degree-days < 0 °C; summer-winter temperature differential; and a moisture index, the ratio of degree-days > 5 °C to mean annual precipitation. Validation of the response functions with two sets of independent data produced for all functions statistically significant simple correlations with coefficients as high as 0.81 between actual and predicted heights. The response functions described the widely different growth potentials typical of natural populations and demonstrated that these growth potentials have different climatic optima. Populations nonetheless tend to inhabit climates colder than their optima, with the disparity between the optimal and inhabited climates becoming greater as the climate becomes more severe. When driven by a global warming scenario of the Hadley Center, the functions described short-term physiologic and long-term evolutionary effects that were geographically complex. The short-term effects should be negative in the warmest climates but strongly positive in the coldest. Long-term effects eventually should ameliorate the negative short-term impacts, enhance the positive, and in time, substantially increase productivity throughout most of the contemporary pine forests of Eurasia. Realizing the long-term gains will require redistribution of genotypes across the landscape, a process that should take up to 13 generations and therefore many years.
=593  \\$aPubAg article
=593  \\$cUSDA submission
=650  \3$amathematical models
=650  \3$ageographical variation
=650  \3$aheat sums
=650  \3$aair temperature
=650  \3$aplant characteristics
=650  \3$aheight
=650  \3$aclimate change
=650  \3$aseasonal variation
=650  \3$aPinus sylvestris
=650  \3$agenetic variation
=650  \3$apopulation
=650  \3$aclimatic factors
=650  \3$aprediction
=651  \3$aSiberia
=651  \3$aNorth America
=651  \0$aRussia
=653  \0$aprecipitation
=653  \0$arussian far east
=653  \0$awater availability
=700  1\$aTchebakova, N.M.
=700  1\$aParfenova, Y.I.
=700  1\$aWykoff, W.R.
=700  1\$aKuzmina, N.A.
=700  1\$aMilyutin, L.I.
=773  0\$tGlobal change biology.$g2002 Sept., v.  8, no.  9 p.912-929$x1354-1013$7nnas
=787  1\$oproduct_pubag
=787  1\$oislandora_article_repository
=787  1\$oislandora_pubag_with_text
=787  1\$o(Journal)jnl57021
=852  \\$aDNAL
=856  40$uhttp://dx.doi.org/10.1046/j.1365-2486.2002.00516.x$3Available from publisher's Web site
=856  40$uhttps://handle.nal.usda.gov/10113/17219$3Available in the National Agricultural Library PubAg search system
=912  \\$aArticle
=914  \\$aJournal:jnl57021$b1354-1013$c8$d9$e912
=914  \\$fGlob. chang. biol
=917  \\$aissued
=930  \\$a20080724$b20080801$c00000000
=935  \\$aIND23298516$9ExL
=945  \\$aIND$dCTR
=946  \\$aNon-US
=949  \\$a2014-07-17
=952  \\$a20080724 20080801 00000000$bIND CTR 
=961  \\$aUSDA/FS
=974  \\$aagid:17219
=984  \\$a2011-03-19
=985  \\$aConverted from MARCXML to MODS version 3.4 using MARC21slim2MODS3-4.xsl (Revision 1.95 2014/04/23)
=986  \\$a3561926

