=LDR  03717nab a2200697 u 4500
=001  9916001834207426
=005  20221121044904.0
=008  141014e201410\\xx\|||||o|||||||||||eng||
=016  7\$aIND600818261$2DNAL
=024  7\$a10.1007/s10584-014-1235-8$2doi
=035  \\$aagid:818261-01nal_inst
=040  \\$aAGL$beng$cAGL
=100  1\$aReeves, Matthew C.$eauthor$uUSDA Forest Service, Rocky Mountain Research Station, Human Dimensions Program, PO Box 7669, 200 E. Broadway, Missoula, MT, 59807, USA, mreeves@fs.fed.us
=245  10$aEstimating climate change effects on net primary production of rangelands in the United States
=300  \\$ap. 429-442.
=520  \\$aThe potential effects of climate change on net primary productivity (NPP) of U.S. rangelands were evaluated using estimated climate regimes from the A1B, A2 and B2 global change scenarios imposed on the biogeochemical cycling model, Biome-BGC from 2001 to 2100. Temperature, precipitation, vapor pressure deficit, day length, solar radiation, CO₂ enrichment and nitrogen deposition were evaluated as drivers of NPP. Across all three scenarios, rangeland NPP increased by 0.26 % year⁻¹ (7 kg C ha⁻¹ year⁻¹) but increases were not apparent until after 2030 and significant regional variation in NPP was revealed. The Desert Southwest and Southwest assessment regions exhibited declines in NPP of about 7 % by 2100, while the Northern and Southern Great Plains, Interior West and Eastern Prairies all experienced increases over 25 %. Grasslands dominated by warm season (C4 photosynthetic pathway) species showed the greatest response to temperature while cool season (C3 photosynthetic pathway) dominated regions responded most strongly to CO₂ enrichment. Modeled NPP responses compared favorably with experimental results from CO₂ manipulation experiments and to NPP estimates from the Moderate Resolution Imaging Spectroradiometer (MODIS). Collectively, these results indicate significant and asymmetric changes in NPP for U.S. rangelands may be expected.
=592  \\$aPublisher supplied data
=593  \\$aPubAg article
=650  \3$abiogeochemical cycles
=650  \3$acarbon dioxide
=650  \3$acarbon dioxide enrichment
=650  \3$aclimate
=650  \3$aclimate change
=650  \3$amodels
=650  \3$amoderate resolution imaging spectroradiometer
=650  \3$anitrogen
=650  \3$aphotoperiod
=650  \3$aprairies
=650  \3$aprimary productivity
=650  \3$arangelands
=650  \3$asolar radiation
=650  \3$atemperature
=650  \3$avapor pressure
=650  \3$awarm season
=651  \3$aGreat Plains region
=651  \3$aUnited States
=700  1\$aMoreno, Adam L.$eauthor
=700  1\$aBagne, Karen E.$eauthor
=700  1\$aRunning, Steven W.$eauthor
=773  0\$tClimatic change.$g2014 Oct., v. 126, no. 3-4 p.429-442$dSpringer-Verlag$x0165-0009$7nnas
=787  1\$oislandora_article_repository
=787  1\$oproduct_pubag
=787  1\$o(Journal)jnl8952
=856  40$uhttp://dx.doi.org/10.1007/s10584-014-1235-8$3Available from publisher's site
=912  \\$aArticle
=914  \\$aJournal:jnl8952$b0165-0009$c126$d3-4$e429
=914  \\$fClimatic change
=916  \\$aBatch:728
=916  \\$aBatch:730
=917  \\$aissued
=918  2\$aSpringer$eprovider$5DNAL
=935  \\$aIND600818261$9ExL
=949  \\$a2015-01-20
=953  \\$aftp_PUB_14-09-23_05-25-18.zip
=961  \\$aUSDA/FS
=962  \\$aBatch:730 annotated on 2014-12-05T10:35:19Z
=962  \\$aBatch:730 reviewed on 2015-01-20T11:00:02Z
=962  \\$aBatch:730 reviewed on 2015-01-20T16:00:02Z
=974  \\$aagid:818261
=983  \\$a2014-10-14
=984  \\$a2014-10-14

