=LDR  04979nab a2200757 u 4500
=001  9916005964307426
=005  20221120025959.0
=008  180117e201801\\xx\|||||o|||||||||||eng||
=016  7\$aIND605884932$2DNAL
=024  7\$a10.1111/gcb.13863$2doi
=035  \\$aagid:5884932-01nal_inst
=040  \\$aAGL$beng$cAGL
=100  1\$aFeng, Xiaohui$eauthor$uDepartment of Ecology, Evolution & Environmental Biology, Columbia University, New York, NY, USA
=245  10$aImproving predictions of tropical forest response to climate change through integration of field studies and ecosystem modeling
=300  \\$ap. e213-e232.
=500  \\$aJOURNAL ARTICLE
=520  \\$aTropical forests play a critical role in carbon and water cycles at a global scale. Rapid climate change is anticipated in tropical regions over the coming decades and, under a warmer and drier climate, tropical forests are likely to be net sources of carbon rather than sinks. However, our understanding of tropical forest response and feedback to climate change is very limited. Efforts to model climate change impacts on carbon fluxes in tropical forests have not reached a consensus. Here, we use the Ecosystem Demography model (ED2) to predict carbon fluxes of a Puerto Rican tropical forest under realistic climate change scenarios. We parameterized ED2 with species‐specific tree physiological data using the Predictive Ecosystem Analyzer workflow and projected the fate of this ecosystem under five future climate scenarios. The model successfully captured interannual variability in the dynamics of this tropical forest. Model predictions closely followed observed values across a wide range of metrics including aboveground biomass, tree diameter growth, tree size class distributions, and leaf area index. Under a future warming and drying climate scenario, the model predicted reductions in carbon storage and tree growth, together with large shifts in forest community composition and structure. Such rapid changes in climate led the forest to transition from a sink to a source of carbon. Growth respiration and root allocation parameters were responsible for the highest fraction of predictive uncertainty in modeled biomass, highlighting the need to target these processes in future data collection. Our study is the first effort to rely on Bayesian model calibration and synthesis to elucidate the key physiological parameters that drive uncertainty in tropical forests responses to climatic change. We propose a new path forward for model‐data synthesis that can substantially reduce uncertainty in our ability to model tropical forest responses to future climate.
=592  \\$aPublisher supplied data
=593  \\$aPubAg article
=650  \3$aBayesian theory
=650  \3$aaboveground biomass
=650  \3$acarbon
=650  \3$acarbon sequestration
=650  \3$aclimate change
=650  \3$acommunity structure
=650  \3$adata collection
=650  \3$ademography
=650  \3$adrying
=650  \3$aecosystems
=650  \3$ahydrologic cycle
=650  \3$aleaf area index
=650  \3$amodels
=650  \3$aprediction
=650  \3$atree and stand measurements
=650  \3$atree growth
=650  \3$atrees
=650  \3$atropical forests
=650  \3$atropics
=650  \3$auncertainty
=700  1\$aUriarte, María$eauthor$uDepartment of Ecology, Evolution & Environmental Biology, Columbia University, New York, NY, USA
=700  1\$aGonzález, Grizelle$eauthor$uInternational Institute of Tropical Forestry, United States Department of Agriculture Forest Service, Río Piedras, Puerto Rico
=700  1\$aReed, Sasha$eauthor$uSouthwest Biological Science Center, U.S. Geological Survey, Moab, UT, USA
=700  1\$aThompson, Jill$eauthor$uDepartment of Environmental Science, University of Puerto Rico, San Juan, Puerto Rico
=700  1\$aZimmerman, Jess K.$eauthor$uDepartment of Environmental Science, University of Puerto Rico, San Juan, Puerto Rico
=700  1\$aMurphy, Lora$eauthor
=773  0\$tGlobal change biology.$g2018 Jan., v. 24, no. 1 p.e213-e232$dJohn Wiley & Sons, Ltd$wJournal:jnl57021$x1354-1013$7nnas
=787  1\$oislandora_article_repository
=787  1\$oproduct_pubag
=787  1\$o(Journal)jnl57021
=856  40$uhttp://dx.doi.org/10.1111/gcb.13863$3Available from publisher's site
=912  \\$aArticle
=914  \\$aJournal:jnl57021$b1354-1013$c24$d1$ee213
=914  \\$fGlobal change biology
=916  \\$aBatch:1908
=917  \\$aissued
=918  2\$aJohn Wiley & Sons, Inc$eprovider$5DNAL
=935  \\$aIND605884932$9ExL
=949  \\$a2018-03-09
=953  \\$a/data/metadata/incoming/wiley/13541013_2018_24_1.xml
=954  \\$afile:/data/metadata/staging/wiley/13541013_2018_24_1.xml
=955  \\$a/data/metadata/staging/wiley/
=961  \\$aUSDA/FS
=962  \\$aBatch:1908 reviewed on 2018-03-09T13:00:02Z
=974  \\$aagid:5884932
=983  \\$a2018-01-17
=984  \\$a2018-03-09

