=LDR  04771nab a2200793 u 4500
=001  9916007516807426
=005  20221215143329.0
=008  190906e20191029xx\|||||o|||||||||||eng||
=016  7\$aIND606617216$2DNAL
=024  7\$a10.1016/j.ecoser.2019.101008$2chorus
=024  7\$a10.1016/j.ecoser.2019.101008$2doi
=035  \\$aagid:6617216-01nal_inst
=040  \\$aAGL$beng$cAGL
=100  1\$aUnderwood, Emma C.$eauthor$uDepartment of Environmental Science and Policy, University of California, Davis, California 95616, USA; Centre for Biological Sciences, University of Southampton, Southampton SO17 1BJ, UK
=245  14$aThe impacts of climate change on ecosystem services in southern California
=500  \\$aPre-press version
=506  \\$aResource is Open Access$uhttp://purl.org/eprint/accessRights/OpenAccess
=506  \\$aCHORUS License Information
=520  \\$aClimate change is projected to impact ecosystem functioning, however its effect on the provision of ecosystem services is uncertain. This is particularly relevant on federal lands which harbor extensive tracts of natural vegetation. We assessed change in four ecosystem services (water runoff, groundwater recharge, carbon storage, and biodiversity) and one disservice (sediment export) in southern California between current and end-of-century (2070-2099). We used five general circulation models ranging from warmer wetter (CNRM-CM5, CCSM4) to hotter, marginally drier (IPSL-CM5A-LR) to hotter drier (FGOALS-g2, MIROC-ESM) under RCP8.5. We found greatest projected change in water runoff, from an increase of 127% under a warmer wetter GCM to a decrease of -60% under a hotter drier future. Carbon storage is projected to change the least, from an increase of 52% to a decrease of -31% across GCMs. We also determined that one-third of high biodiversity areas are threatened by high change in climatic water deficit. We estimated the current monetized annual value of sediment removal costs to be {dollar}172 million per year and the economic value of carbon storage as {dollar}7.5 billion. Understanding the impacts of climate change on ecosystem services can help develop climate-smart strategies for the sustainable management of natural resources.
=592  \\$aPublisher supplied data
=593  \\$aPubAg article
=596  \\$cU.S. Forest Service$dhttps://doi.org/10.13039/100006959
=506  0\$fUnrestricted online access$2star
=650  \3$aGeneral Circulation Models
=650  \3$abiodiversity
=650  \3$acarbon sequestration
=650  \3$aclimate change
=650  \3$aecological footprint
=650  \3$aeconomic valuation
=650  \3$aecosystem services
=650  \3$agroundwater recharge
=650  \3$apublic lands
=650  \3$arunoff
=650  \3$asediment transport
=650  \3$asediments
=650  \3$avegetation
=651  \3$aCalifornia
=653  \0$acarbon storage
=653  \0$arecharge
=653  \0$aresource management
=653  \0$asediment export
=700  1\$aHollander, Allan D.$eauthor$uDepartment of Environmental Science and Policy, University of California, Davis, California 95616, USA
=700  1\$aSafford, Hugh D.$eauthor$uUSDA Forest Service, Pacific Southwest Region, 1323 Club Dive, Vallejo, CA 94592, USA
=700  1\$aKim, John B.$eauthor$uUSDA Forest Service, Pacific Northwest Research Station, 3200 SW Jefferson Way, Corvallis, OR 97331, USA$1https://orcid.org/0000-0002-3720-7916
=700  1\$aSrivastava, Lorie$eauthor$uDepartment of Environmental Science and Policy, University of California, Davis, California 95616, USA
=700  1\$aDrapek, Ray J.$eauthor$uUSDA Forest Service, Pacific Northwest Research Station, 3200 SW Jefferson Way, Corvallis, OR 97331, USA
=773  0\$tEcosystem services.$g2019 Oct. 29, v. 39 p.101008-$dElsevier B.V.$wJournal:21609$x2212-0416$7nnas
=787  1\$oislandora_article_repository
=787  1\$oproduct_pubag
=787  1\$o(Journal)21609
=856  40$uhttps://dx.doi.org/10.1016/j.ecoser.2019.101008$3Available from publisher's site
=856  40$uhttp://handle.nal.usda.gov/10113/6617216
=912  \\$aArticle
=914  \\$aJournal:21609$b2212-0416$c39$e101008
=914  \\$fEcosystem services
=916  \\$aBatch:2375
=917  \\$aissued
=918  2\$aElsevier Consyn$eprovider$5DNAL
=935  \\$aIND606617216$9ExL
=949  \\$a2019-12-18
=953  \\$a/data/metadata/incoming/consyn/155748784175683403-00003-HEAD-ONLY-NEW CONSYN ISSNS.zip
=954  \\$afile:/data/metadata/staging/consyn/S2212041618306314.xml
=955  \\$a/data/metadata/staging/consyn/
=961  \\$aUSDA/FSUSDA
=962  \\$aUSDA Scientist Submission; eISSN 2212-0416
=962  \\$aMissing ISSN
=974  \\$aagid:6617216
=983  \\$a2019-09-06
=984  \\$a2022-10-04

