=LDR  04757nab a2200805 u 4500
=001  9916007597807426
=005  20221215143329.0
=008  201023e202009\\xx\|||||o|||||||||||eng||
=016  7\$aIND607080621$2DNAL
=024  7\$a10.1016/j.biocon.2020.108731$2chorus
=024  7\$a10.1016/j.biocon.2020.108731$2doi
=035  \\$aagid:7080621-01nal_inst
=040  \\$aAGL$beng$cAGL
=100  1\$aWilson, Evan C.$eauthor$uDept. of Forest & Wildlife Ecology, University of Wisconsin, USA
=245  14$aThe past, present and future impacts of climate and land use change on snowshoe hares along their southern range boundary
=506  \\$aResource is Open Access$uhttp://purl.org/eprint/accessRights/OpenAccess
=506  \\$aCHORUS License Information
=520  \\$aChanges in land use and climate are among the main drivers of range shifts for multiple species and taxa. While such distributional changes are often observed at broad scales, the processes driving them - colonization and extinction along range boundaries - occur at local scales. There is a need then, to identify whether these local drivers are consistent with patterns at broader scales. Snowshoe hares (Lepus americanus), an important prey species in northern forest ecosystems, have experienced range contraction along much of their southern boundary. Population declines are linked to climate change via camouflage mismatch, an inability to match seasonal coat color molts with declining snow cover duration. We used data from camera traps to monitor the spatial extent and habitat associations of hares before, during and after an experimental translocation, and multi-season occupancy models to model the effects of habitat and climate on colonization and extinction patterns. We compared our contemporary occupancy models to historical patterns of extirpation and simulated future effects of timber harvest on occupancy. Colonization by hares was strongly associated with distance from source population and patch size of aspen-alder. Historical patterns of extirpation were consistent with contemporary patterns, and simulations revealed that increased frequency and magnitude of aspen harvest increased hare occupancy by creating large patches of early-successional habitat. As global change alters ecological communities, identifying mechanisms that drive range-shifts and targeting landscape features that can be manipulated to buffer those effects can be used to promote the persistence of individual species and ecological communities.
=592  \\$aPublisher supplied data
=593  \\$aPubAg article
=596  \\$cNational Institute of Food and Agriculture$dhttps://doi.org/10.13039/100005825
=506  0\$fUnrestricted online access$2star
=650  \3$aLepus americanus
=650  \3$acameras
=650  \3$acamouflage
=650  \3$aclimate
=650  \3$aclimate change
=650  \3$aecological communities
=650  \3$aextinction
=650  \3$aforest ecosystems
=650  \3$ahabitats
=650  \3$ahares
=650  \3$aland use change
=650  \3$alandscapes
=650  \3$amodels
=650  \3$amolting
=650  \3$anatural resources conservation
=650  \3$apopulation dynamics
=650  \3$aprey species
=650  \3$asnowpack
=653  \0$aCamouflage mismatch
=653  \0$aAspen
=653  \0$aColonization
=653  \0$aRange shift
=700  1\$aZuckerberg, Benjamin$eauthor$uDept. of Forest & Wildlife Ecology, University of Wisconsin, USA
=700  1\$aPeery, M. Zachariah$eauthor$uDept. of Forest & Wildlife Ecology, University of Wisconsin, USA
=700  1\$aPauli, Jonathan N.$eauthor$uDept. of Forest & Wildlife Ecology, University of Wisconsin, USA
=773  0\$tBiological conservation.$g2020 Sept., v. 249 p.108731-$dElsevier Ltd$wJournal:jnl44607$x0006-3207$7nnas
=787  1\$oislandora_article_repository
=787  1\$oproduct_pubag
=787  1\$o(Journal)jnl44607
=856  40$uhttps://dx.doi.org/10.1016/j.biocon.2020.108731$3Available from publisher's site
=856  40$uhttp://handle.nal.usda.gov/10113/7080621
=912  \\$aArticle
=914  \\$aJournal:jnl44607$b0006-3207$c249$e108731
=914  \\$fBiological conservation
=916  \\$aBatch:2628
=917  \\$aissued
=918  2\$aElsevier Consyn$eprovider$5DNAL
=935  \\$aIND607080621$9ExL
=949  \\$a2020-12-24
=953  \\$a/data/metadata/incoming/consyn/156434017126679510-00001-HEAD-ONLY-NEW CONSYN ISSNS.ZIP
=954  \\$afile:/data/metadata/staging/consyn/S0006320720307898.xml
=955  \\$a/data/metadata/staging/consyn/
=961  \\$aUSDA
=962  \\$aUSDA Scientist Submission; eISSN 1873-2917
=962  \\$aMissing ISSN
=974  \\$aagid:7080621
=983  \\$a2020-10-23
=984  \\$a2022-10-04

