=LDR  04584nab a2200661 u 4500
=001  9916008909207426
=005  20221120143705.0
=008  220321e20220530xx\|||||o|||||||||||eng||
=016  7\$aIND607276910$2DNAL
=024  7\$a10.1016/j.quaint.2021.01.006$2doi
=035  \\$aagid:7276910-01nal_inst
=040  \\$aAGL$beng$cAGL
=100  1\$aCoats, Robert$eauthor$uTahoe Environmental Research Center, One Shields Ave., University of California at Davis, Davis, CA, 95616, USA
=245  10$aProjected climate change impacts in the Tahoe Basin: Recent findings from global climate models
=300  \\$ap. 4-15.
=520  \\$aSince 2002, the Tahoe Environmental Research Center has been studying the effects of climate change in the Tahoe Basin. We are using the output from four General Circulation Models downscaled by the method of Localized Constructed Analogues and provided by the Scripps Institution of Oceanography (SIO). The daily data were used by SIO to drive the Variable Infiltration Capacity (VIC) model and derive a suite of 24 hydrologic and climate variables at a 1/16° (ca. 6 km) grid scale, for two Representative Concentration Pathways (RCP 4.5 and 8.5). Here we focus on trends in the return levels of extreme climatic events, including annual maximum daily discharge of six basin streams, maximum and total annual kinetic energy (KE) of raindrops falling on snow-free ground, basin-wide climatic water deficit, and wind speed. To analyze time trends in historic and modeled future extreme values, we applied the program extRemes, based on the Generalized Extreme Value (GEV) distribution. Values of KE on snow-free ground were derived by statistically disaggregating daily rainfall to hourly, and using literature values to convert rainfall intensity (mm/hr) for days without snowpack to KE (Joules/m²/hr). We found strong upward trends in extreme values, with most of the effect due to loss of snowpack, but a significant effect of increasing rainfall for one model. To estimate future trends in maximum annual daily discharge of six streams, we adjusted the modeled future annual maximum runoff to the distribution of gage data, using regression of gage data on modeled historic runoff at equal return intervals. The GEV results for the six streams, averaged across the four models, indicate an increase in the 20-year flood of 65-117 percent. Climatic water deficit showed strong upward trends for three of the four models, with a maximum at mid-century for one model. Averaged across the basin and across the four models, average and maximum seasonal winds under RCP 8.5 are projected to decrease slightly in all seasons. The trends in averages and extreme values that we found will have important effects on vegetation, wildfire severity, flood hazards and the clarity of Lake Tahoe.
=592  \\$aPublisher supplied data
=593  \\$aPubAg article
=650  \3$abasins
=650  \3$aclimate change
=650  \3$afire severity
=650  \3$akinetic energy
=650  \3$alakes
=650  \3$aoceanography
=650  \3$arain
=650  \3$arain intensity
=650  \3$arunoff
=650  \3$asnowpack
=650  \3$avegetation
=650  \3$awind speed
=653  \0$aTahoe
=653  \0$aClimate change
=653  \0$aClimate models
=653  \0$aPrecipitation
=653  \0$aTemperature
=653  \0$aFloods
=700  1\$aLewis, Jack$eauthor$uUSDA Forest Service (Ret.), P.O. Box 896, Blue Lake, CA, 95525, USA
=700  1\$aSchladow, Geoffrey$eauthor$uTahoe Environmental Research Center, University of California, One Shields Ave., University of California at Davis, Davis, CA, 95616, USA$1https://orcid.org/0000-0003-4205-1001
=773  0\$tQuaternary international.$g2022 May 30, v. 621 p.4-15$dElsevier Ltd$wJournal:12411$x1040-6182$7nnas
=787  1\$oislandora_article_repository
=787  1\$oproduct_pubag
=787  1\$o(Journal)12411
=856  40$uhttps://dx.doi.org/10.1016/j.quaint.2021.01.006$3Available from publisher's site
=912  \\$aArticle
=914  \\$aJournal:12411$b1040-6182
=914  \\$fQuaternary international
=916  \\$aBatch:10123
=917  \\$aissued
=918  2\$aElsevier Consyn$eprovider$5DNAL
=935  \\$aIND607276910$9ExL
=949  \\$a2021-07-26
=953  \\$a/data/metadata/incoming/consyn/139078231484858141-00003-HEAD-ONLY-NEW CONSYN ISSNS.zip
=954  \\$afile:/data/metadata/staging/consyn/S1040618221000161.xml
=955  \\$a/data/metadata/staging/consyn/
=961  \\$aUSDA/FS
=974  \\$aagid:7276910
=983  \\$a2022-03-21
=984  \\$a2022-03-21

