=LDR  04692nab a2200697 u 4500
=001  9916017020407426
=005  20221214230226.0
=008  210821e20210721xx\|||||o|||||||||||eng||
=016  7\$aIND607481984$2DNAL
=024  7\$a10113/7481984$2hdl
=024  7\$a383783$2aris
=024  7\$a10.1175/BAMS-D-21-0088.1$2doi
=024  7\$a435564$2aris_accn_no
=024  7\$a3050-11210-009-000D$2aris_project_no
=024  7\$a383783$2seq_no_115
=035  \\$aagid:7481984-01nal_inst
=040  \\$aAGL$beng$cAGL
=100  1\$aDinan, Maude$eauthor$uProgram Specialist, Jornada Experimental Range, USDA Southwest Climate Hub
=245  10$aAddressing air quality, agriculture, and climate change across the Southwest and Southern Plains: A roadmap for research, extension, and policy
=300  \\$ap. E1394-E1401.
=520  \\$aIn February 2021, the USDA Southwest Climate Hub hosted the virtual event, Southwest and Southern Plains Air Quality and Production Agriculture Science and Applications Workshop. The workshop follows the culmination of a nation-wide effort assessing the current state of knowledge of air quality impacts on agricultural production, and vice-versa. This benchmark effort necessitates further discussion, addressing remaining knowledge gaps and progress barriers with the expectation of a changing climate. The goal of the workshop was to identify these needs for the Southwest and Southern Plains region. Convening professionals from health, agricultural, and environmental sectors, the workshop resulted in the following roadmap of priorities intended for those in policy, research, and land management. These priorities include greater attention to the areas and communities missed in monitoring efforts, enhanced data accessibility and communication across sectors, and increased support for research and monitoring by state and federal governments, among others.
=593  \\$aPubAg article
=595  \\$a865$balice.allen$c2022-05-12$damanda.xu$e2022-05-18
=593  \\$eARIS manuscript
=650  \3$aUSDA
=650  \3$aair quality
=650  \3$aclimate
=650  \3$aclimate change
=650  \3$aissues and policy
=650  \3$aland management
=700  1\$aElias, Emile H.$eauthor$uUSDA Southwest Climate Hub$1https://orcid.org/0000-0001-9964-3177
=700  1\$aWebb, Nicholas$eauthor$uResearch Associate and Professor, Jornada Experimental Range, New Mexico State University
=700  1\$aZwicke, Greg$eauthor$uAir Quality Engineer, Air Quality and Atmospheric Change Team, USDA-NRCS
=700  1\$aDy, Timothy$eauthor$uTD Environmental Services, LLC
=700  1\$aAney, Skye$eauthor$uProject Manager, Jornada Experimental Range, USDA Southwest Climate Hub
=700  1\$aBrady, Michael$eauthor$uNatural Resources Conservation Service, Denver, Colorado
=700  1\$aBrown, Joel R.$eauthor$uNatural Resources Conservation Service, USDA Southwest Climate Hub, and USDA-ARS Jornada Experimental Range, Las Cruces, New Mexico
=700  1\$aDobos, Robert R.$eauthor$uNatural Resources Conservation Service, Lincoln, Nebraska
=700  1\$aDubois, Dave$eauthor$uNew Mexico Climate Center, and Plant and Environmental Sciences, New Mexico State University, Las Cruces, New Mexico
=700  1\$aEdwards, Brandon L.$eauthor$uUSDA-ARS Jornada Experimental Range, and Plant and Environmental Sciences, New Mexico State University, Las Cruces, New Mexico
=700  1\$aHeimel, Sierra$eauthor$uUSDA Southwest Climate Hub, Las Cruces, New Mexico
=700  1\$aLuke, Nicholas$eauthor$uNew Mexico Climate Center, New Mexico State University, Las Cruces, New Mexico
=700  1\$aRottler, Caitlin M.$eauthor$uSouth Central Climate Adaptation Science Center, Norman, Oklahoma
=700  1\$aSteele, Caitriana$eauthor$uUSDA Southwest Climate Hub, and USDA-ARS Jornada Experimental Range, and Plant and Environmental Sciences, New Mexico State University, Las Cruces, New Mexico
=773  0\$tBulletin of the American Meteorological Society.$g2021 July 20, v. 102, no. 7 p.E1394-E1401$wJournal:jnl4623929$x0003-0007$7nnas
=787  1\$oislandora_article_repository
=787  1\$oproduct_pubag
=787  1\$o(Journal)jnl4623929
=856  40$uhttp://dx.doi.org/10.1175/BAMS-D-21-0088.1$3Available from publisher's Web site
=912  \\$aArticle
=914  \\$aJournal:jnl4623929$b1520-0477$c102$d7$eE1394
=914  \\$fBulletin of the American Meteorological Society
=917  \\$aissued
=935  \\$aIND607481984$9ExL
=949  \\$a2022-05-13
=952  \\$dNAL-AP-2-clean
=961  \\$aUSDA$bUSDA
=962  \\$aUSDA Scientist Submission; eISSN 1520-0477
=974  \\$aagid:7481984
=983  \\$a2021-08-21
=984  \\$a2022-05-13

