=LDR  04521nab a2200793 u 4500
=001  9916018418207426
=005  20221214230229.0
=008  180404e20160208xx\|||||o|||||||||||eng||
=016  7\$aIND606838187$2DNAL
=024  7\$a10113/6838187$2hdl
=024  7\$a299236$2aris
=024  7\$a10.2134/advagricsystmodel6.2013.0004$2doi
=035  \\$aagid:6838187-01nal_inst
=040  \\$aAGL$beng$cAGL
=100  1\$aGollany, Hero$eauthor$uUSDA-ARS-CPCRC, 48037 Tubbs Ranch Rd., Adams, OR 9781
=245  10$aCQESTR Simulation of Dryland Agroecosystem Soil Organic Carbon Changes under Climate Change Scenarios
=300  \\$ap. 59-87.
=506  \\$aWorks produced by employees of the U.S. Government as part of their official duties are not copyrighted within the U.S. The content of this document is not copyrighted.
=520  \\$aThe potential effects of global climate change (CC) on C cycling and soil organic carbon (SOC) storage/loss in agroecosystems can only be assessed by process-based models such as CQESTR. This model was used to simulate the effect of tillage and N fertilization on soil C storage/loss in 3 long-term experiments, where a wheat-fallow rotation under dryland is the predominant practice. Using a 30 yr simulation approach, the effects of biomass increases/decreases, intensifying cropping and two decades of potential CC scenarios on SOC stock under 0 and 135 kg N ha(-1) (0N and 135N) in conventional tillage (CT) and no-till (NT) were examined. These SOC stocks were also compared with those of a pasture (GP). With a 30% increase in biomass, predicted SOC stock in the topsoil of the GP increased by 22% under current climate compared to CC scenario, and the topsoil was more affected by CC than the subsoil. A loss of SOC was predicted at 0-30 and 30-60 cm depths for the CT-0N in all scenarios. The same was true for the CT-135N and NT-0N, except SOC gains of 0.26 and 1.37 Mg ha(-1) were predicted, respectively, in continuous winter wheat under CC scenarios. The NT-135N was the only treatment with SOC gains ranging from 1.35 Mg ha(-1), in wheat-fallow system with 30% biomass reduction, to 8.61 Mg ha(-1) in continuous wheat. The C sink capacities of the NT-135N, NT-0N, CT-135N, and CT-0N were 12.69, 14.54, 13.46 and 18.57 Mg ha(-1), respectively, relative to the GP. Crop intensification under NT is a viable management system which could sequester up to 1.05 Mg CO2 ha(-1) yr(-1) and improve SOC stock while reducing CO2 in the atmosphere.
=593  \\$aPubAg article
=593  \\$cUSDA submission
=595  \\$a474$bksichelm$c2020-03-24$damanda.xu$e2020-03-31
=593  \\$eARIS manuscript
=650  \3$aTriticum aestivum
=650  \3$aagroecosystems
=650  \3$aarid lands
=650  \3$acarbon dioxide
=650  \3$acarbon sequestration
=650  \3$acarbon sinks
=650  \3$aclimate change
=650  \3$acontinuous cropping
=650  \3$aconventional tillage
=650  \3$acrop rotation
=650  \3$adryland farming
=650  \3$afallow
=650  \3$afertilizer application
=650  \3$agreenhouse gas emissions
=650  \3$aintensive cropping
=650  \3$anitrogen fertilizers
=650  \3$ano-tillage
=650  \3$apastures
=650  \3$aphytomass
=650  \3$asimulation models
=650  \3$asoil depth
=650  \3$asoil organic carbon
=650  \3$asubsoil
=650  \3$atopsoil
=650  \3$awinter wheat
=773  0\$tAdvances in agricultural systems modeling.$g2016 Feb. 8, v. 6 p.59-87$wJournal:27202$x2163-2774$7nnas
=787  1\$oislandora_article_repository
=787  1\$oproduct_pubag
=787  1\$o(Journal)27202
=856  40$uhttp://dx.doi.org/10.2134/advagricsystmodel6.2013.0004$3Available from publisher's site
=912  \\$aArticle
=914  \\$aJournal:27202$b2163-2774$c6$e59
=914  \\$fAdvances in agricultural systems modeling
=916  \\$aBatch:10159
=917  \\$aissued
=935  \\$aIND606838187$9ExL
=949  \\$a2021-10-14
=952  \\$dgolden set
=956  \\$aARIS submission$bhttps://submit.nal.usda.gov/system/files/submissions/CQESTR%20simulation%20of%20dryland%20agroecosystem%20soil%20organic%20carbon%20changes%20under%20climate%20change%20scenarios.pdf
=961  \\$aUSDA
=962  \\$aUSDA Scientist Submission; eISSN 2163-2790
=974  \\$aagid:6838187
=983  \\$a2018-04-04
=984  \\$a2021-10-14
=985  \\$aUSDA submission converted from Drupal to MODS version 3.4 using submission2mods.xsl (Revision 1.002 2014/01/28)
=986  \\$ans14227

