=LDR  03758nab a2200709 u 4500
=001  9916022122607426
=005  20221120085602.0
=008  090723e200806\\xx\|||||o|||||||||||eng||
=016  7\$aIND44234956$2DNAL
=024  7\$a10.2111/1551-501X(2008)30[7:CTTMOC]2.0.CO;2$2doi
=024  7\$a10113/31979$2hdl
=035  \\$aagid:31979-01nal_inst
=040  \\$aAGL$beng$cAGL
=072  \0$aF130
=072  \0$aF300
=072  \0$aB200
=072  \0$aW000
=100  1\$aDe Steiguer, J.E.
=245  10$aContributing to the mitigation of climate change using rangeland management
=300  \\$ap. 7-11.
=500  \\$aIncludes references
=500  \\$a2019-12-05
=520  \\$a Despite these concerns, as well as those from a significant proportion of the environmental community, the mitigation of climate change through projects, such as those occurring on rangelands, seems to have momentum. The market for carbon credits has grown rapidly within the recent years and has been projected to exceed {dollar}500 billion in trades by 2020. This developing situation certainly warrants watching by rangeland interests. Rising carbon credit prices would certainly make investments in rangeland mitigation projects a financially attractive, and an environmentally proactive, alternative to traditional land management. However, as a relatively small portion of any potential private sector carbon market, terrestrial sequestration in general, and rangelands in particular, must operate efficiently within the market (prices and rules) and exploit inherent competitive advantages. Rangeland carbon sequestration projects are competitive because of the relatively low cost of achieving increased soil carbon storage and its compatibility with existing management operations and production systems. On the other hand, documenting and verifying changes in carbon storage is a daunting challenge. The success of rangeland projects as participants in a private sector market will be determined in large part by the ability of the rangeland management profession (scientists, advisors, and managers) to develop accurate, credible, and cost-effective protocols to ensure to both buyers and the public that gains are real.
=593  \\$aPubAg article
=593  \\$cUSDA submission
=650  \3$arange management
=650  \3$agreenhouse gases
=650  \3$apollution control
=650  \3$arangelands
=650  \3$acarbon markets
=650  \3$aclimate change
=650  \3$acarbon sequestration
=650  \3$agas emissions
=650  \3$aissues and policy
=651  \3$aUnited States
=653  \0$acap-and-trade arrangements
=653  \0$aenvironmental markets
=700  1\$aBrown, Joel R.
=700  1\$aThorpe, Jim
=773  0\$tRangelands.$g2008 June, v.  30, no.  3 p.7-11$x1551-501X$7nnas
=787  1\$oproduct_pubag
=787  1\$oislandora_article_repository
=787  1\$oislandora_pubag_with_text
=787  1\$o(Journal)3143
=852  \\$aDNAL
=856  40$uhttps://handle.nal.usda.gov/10113/31979$3Available in the National Agricultural Library PubAg search system
=856  40$uhttp://dx.doi.org/10.2111/1551-501X(2008)30[7:CTTMOC]2.0.CO;2$3Available from publisher's Web site
=912  \\$aArticle
=914  \\$aJournal:3143$b1551-501X$c30$d3$e7
=914  \\$fRangelands
=917  \\$aissued
=930  \\$a20090804$b20091002$c00000000
=935  \\$aIND44234956$9ExL
=945  \\$aIND$dLYN$e2009/07/31
=946  \\$aOther US
=949  \\$a2014-07-17
=952  \\$a20090804 20091002 00000000$bIND LYN 2009/07/31
=961  \\$aUSDA/NRCS
=974  \\$aagid:31979
=984  \\$a2012-06-07
=985  \\$aConverted from MARCXML to MODS version 3.4 using MARC21slim2MODS3-4.xsl (Revision 1.95 2014/04/23)
=986  \\$a4234956

