=LDR  04678nab a2200793 u 4500
=001  9916024318407426
=005  20221120095845.0
=008  180831e20160120xx\|||||o|||||||||||eng||
=016  7\$aIND605652037$2DNAL
=024  7\$a10.1016/j.jclepro.2015.09.135$2doi
=035  \\$aagid:5652037-01nal_inst
=040  \\$aAGL$beng$cAGL
=100  1\$aPourhashem, Ghasideh$eauthor$uCenter for Energy Studies, Baker Institute for Public Policy, Rice University, Houston, TX, USA
=245  10$aTime effects of climate change mitigation strategies for second generation biofuels and co-products with temporary carbon storage
=300  \\$ap. 2642-2653.
=500  \\$a2019-12-06
=520  \\$aSecond generation biofuels offer a means of reducing greenhouse gas emissions and storing or delaying soil carbon emissions relative to petroleum-based fuels depending upon the strategy used to synthesize the biofuel and co-products. Unless mitigated, the soil organic carbon and nitrogen loss resulting from removing agricultural residues for biofuel production may cause life cycle greenhouse gas emissions to surpass national policy thresholds, and thus risk non-compliance with renewable fuel policy. Strategies to mitigate soil organic carbon loss such as using nutrient and carbon-rich, and stable land amendments will lead to time-variable greenhouse gas credits. Recent studies have argued for using time-dependent rather than time-averaged radiative forcing methods for biofuel greenhouse gas accounting but few life cycle assessment studies have examined the impact of time-varying emissions of soil organic carbon using the Intergovernmental Panel on Climate Change tier 3 models. This study applies a time-dependent radiative forcing approach to a 100-year time-series data set of life cycle greenhouse gas emissions for lignocellulosic ethanol that includes temporally variable soil greenhouse gas emissions. This study demonstrates that averaging soil emissions and neglecting the time when the sequestration or release occurs within a selected time horizon can lead to a 9% to over 80% overestimation of the magnitude of the effect of the mitigation strategy. This affirms that employing strategies to maintain soil organic carbon stock early within a biofuel program supports climate change mitigation. Such strategies would guide farmers to best manage soil carbon within the biofuel production life cycle. Time-dependent approaches underscore the need for early measures of greenhouse gas curtailment to support sustainable renewable biofuel and agricultural policy.
=592  \\$aPublisher supplied data
=593  \\$aPubAg article
=650  \3$agreenhouse gases
=650  \3$alignocellulose
=650  \3$asoil organic carbon
=650  \3$acarbon sequestration
=650  \3$acarbon sinks
=650  \3$arisk
=650  \3$aradiative forcing
=650  \3$afuel production
=650  \3$agreenhouse gas emissions
=650  \3$adata collection
=650  \3$aagricultural wastes
=650  \3$amodels
=650  \3$asoil
=650  \3$aclimate change
=650  \3$aethanol
=650  \3$anitrogen
=650  \3$afarmers
=650  \3$atime series analysis
=650  \3$abiofuels
=650  \3$acoproducts
=650  \3$aagricultural policy
=653  \0$acarbon
=653  \0$aRadiative forcing
=653  \0$aBioenergy
=653  \0$aSoil carbon storage and loss
=653  \0$aGreenhouse gas accounting
=653  \0$aAgricultural residue-based biofuels
=653  \0$aLCA
=700  1\$aAdler, Paul R.$eauthor$uUSDA-ARS, Pasture Systems and Watershed Management Research Unit, University Park, PA, USA
=700  1\$aSpatari, Sabrina$eauthor$uCivil, Architectural and Environmental Engineering, Drexel University, Philadelphia, PA, USA
=773  0\$tJournal of cleaner production.$g2016 Jan. 20, v. 112 p.2642-2653$dElsevier Ltd$aElsevier Ltd$wJournal:11967$x0959-6526$7nnas
=787  1\$oislandora_article_repository
=787  1\$oproduct_pubag
=787  1\$o(Journal)11967
=856  40$uhttps://dx.doi.org/10.1016/j.jclepro.2015.09.135$3Available from publisher's site
=912  \\$aArticle
=914  \\$aJournal:11967$b0959-6526$c112$e2642
=914  \\$fJournal of cleaner production
=916  \\$aBatch:1781
=917  \\$aissued
=918  2\$aElsevier Consyn$eprovider$5DNAL
=935  \\$aIND605652037$9ExL
=949  \\$a2018-09-01
=953  \\$a/data/metadata/incoming/consyn/22-2-00061-HEAD-ONLY.zip
=954  \\$afile:/data/metadata/staging/consyn/S095965261501375X.xml
=955  \\$a/data/metadata/staging/consyn/
=961  \\$aUSDA/ARS
=974  \\$aagid:5652037
=983  \\$a2018-08-31
=984  \\$a2018-08-31

