=LDR  05718nab a2200721 u 4500
=001  9916026529907426
=005  20221122025328.0
=008  180619e200302\\xx\|||||o|||||||||||eng||
=016  7\$aIND605883545$2DNAL
=024  7\$a10.1046/j.1365-2664.2003.00777.x$2doi
=035  \\$aagid:5883545-01nal_inst
=040  \\$aAGL$beng$cAGL
=100  1\$aKriticos, D. J.$eauthor$uCSIRO Entomology and CRC for Australian Weed Management, Canberra, ACT, Australia;CSIRO Entomology, Brisbane, Queensland, Australia;USDA/NRCS Jornada Range, Las Cruces, New Mexico, USA;University of Queensland, St Lucia, Queensland, Australia
=245  10$aClimate change and the potential distribution of an invasive alien plant: Acacia nilotica ssp. indica in Australia
=300  \\$ap. 111-124.
=500  \\$aJOURNAL ARTICLE
=520  \\$a1 Acacia nilotica is a spinescent woody legume that has become highly invasive in several parts of the world, including Australia where it has been declared a weed of national significance. Understanding the likely potential distribution of this notorious plant under current and future climate scenarios will enable policy makers and land managers to prepare appropriate strategies to manage the invasion. 2 CLIMEX was used to synthesize available information from diverse sources to model the invasion potential of A. nilotica and gain insights into the climatic factors limiting its range expansion. The model identified areas at risk of further invasion so that early preventative or ameliorative measures could be undertaken in a timely manner. 3 The potential distribution of A. nilotica in Australia under current climatic conditions is vast, and far greater than the current distribution. 4 Global climate change is likely to increase markedly the potential distribution of A. nilotica in Australia, significantly increasing the area at risk of invasion. The factors of most importance are the expected increases in water‐use efficiency of A. nilotica due to increased atmospheric CO₂ concentrations, allowing it to invade more xeric sites further inland, and increased temperatures, allowing it to complete its reproductive life cycle further southward (poleward). 5 Synthesis and applications. Simple paddock quarantine procedures may provide a means of limiting the range of A. nilotica within its potential distribution under current, as well as future, climate scenarios. The projected increased growth potential of A. nilotica throughout its current range suggests that if future management patterns result in seed pods lying unconsumed on the ground, heightened vigilance may be required to identify and eradicate new invasion foci arising from flood dispersal. The increased growth potential may also result in an alteration of the economic balance, in favour of harvesting A. nilotica for agroforestry or local bioenergy projects. A crucial component in containing this invasion will be raising public awareness of the invasion threat posed by A. nilotica, its identification and suitable control techniques.
=592  \\$aPublisher supplied data
=593  \\$aPubAg article
=650  \3$aVachellia nilotica
=650  \3$aagroforestry
=650  \3$abioenergy
=650  \3$acarbon dioxide
=650  \3$aclimate change
=650  \3$aclimatic factors
=650  \3$aharvesting
=650  \3$aintroduced plants
=650  \3$ainvasive species
=650  \3$aissues and policy
=650  \3$alegumes
=650  \3$amodels
=650  \3$apastures
=650  \3$apods
=650  \3$aquarantine
=650  \3$arisk
=650  \3$atemperature
=650  \3$awater use efficiency
=650  \3$aweeds
=651  \3$aAustralia
=700  1\$aSutherst, R. W.$eauthor$uCSIRO Entomology and CRC for Australian Weed Management, Canberra, ACT, Australia;CSIRO Entomology, Brisbane, Queensland, Australia;USDA/NRCS Jornada Range, Las Cruces, New Mexico, USA;University of Queensland, St Lucia, Queensland, Australia
=700  1\$aBrown, J. R.$eauthor$uCSIRO Entomology and CRC for Australian Weed Management, Canberra, ACT, Australia;CSIRO Entomology, Brisbane, Queensland, Australia;USDA/NRCS Jornada Range, Las Cruces, New Mexico, USA;University of Queensland, St Lucia, Queensland, Australia
=700  1\$aAdkins, S. W.$eauthor$uCSIRO Entomology and CRC for Australian Weed Management, Canberra, ACT, Australia;CSIRO Entomology, Brisbane, Queensland, Australia;USDA/NRCS Jornada Range, Las Cruces, New Mexico, USA;University of Queensland, St Lucia, Queensland, Australia
=700  1\$aMaywald,  G. F.$eauthor$uCSIRO Entomology and CRC for Australian Weed Management, Canberra, ACT, Australia;CSIRO Entomology, Brisbane, Queensland, Australia;USDA/NRCS Jornada Range, Las Cruces, New Mexico, USA;University of Queensland, St Lucia, Queensland, Australia
=773  0\$tJournal of applied ecology.$g2003 Feb., v. 40, no. 1 p.111-124$dBlackwell Science Ltd$wJournal:jnl57298$x0021-8901$7nnas
=787  1\$oislandora_article_repository
=787  1\$oproduct_pubag
=787  1\$o(Journal)jnl57298
=856  40$uhttps://dx.doi.org/10.1046/j.1365-2664.2003.00777.x$3Available from publisher's site
=912  \\$aArticle
=914  \\$aJournal:jnl57298$b0021-8901$c40$d1$e111
=914  \\$fJournal of applied ecology
=916  \\$aBatch:1909
=917  \\$aissued
=918  2\$aJohn Wiley & Sons, Inc$eprovider$5DNAL
=935  \\$aIND605883545$9ExL
=949  \\$a2018-06-19
=953  \\$a/data/metadata/incoming/wiley/00218901_2003_40_1.xml
=954  \\$afile:/data/metadata/staging/wiley/00218901_2003_40_1.xml
=955  \\$a/data/metadata/staging/wiley/
=961  \\$aUSDA/NRCS
=974  \\$aagid:5883545
=983  \\$a2018-06-19
=984  \\$a2018-06-19

