=LDR  04738nab a2200673 u 4500
=001  9916028558507426
=005  20221121102540.0
=008  180904e201808\\xx\|||||o|||||||||||eng||
=016  7\$aIND606072394$2DNAL
=024  7\$a10.1007/s12665-018-7723-9$2doi
=035  \\$aagid:6072394-01nal_inst
=040  \\$aAGL$beng$cAGL
=100  1\$aGondim, Rubens$eauthor$uEmbrapa Agroindústria Tropical, Rua Dra.Sara Mesquita 2270, Fortaleza, CE, 60511-110, Brazil. rubens.gondim@embrapa.br$1https://orcid.org/0000-0001-7887-1832
=245  10$aClimate change impacts on water demand and availability using CMIP5 models in the Jaguaribe basin, semi-arid Brazil
=300  \\$ap. 550.
=520  \\$aThe objective of this study was to analyze climate change impacts on irrigation water demand and availability in the Jaguaribe River basin, Brazil. For northeastern Brazil, five global circulation models were selected using a rainfall seasonal evaluation screening technique from the Intergovernmental Panel on Climate Change named Coupled Model Intercomparison Project Phase 5. The climate variables were generated for the base period of 1971-2000, as were projections for the 2025-2055 future time slice. Removal of maximum and minimum temperature and rainfall output bias was used to estimate reference evapotranspiration, irrigation water needs, and river flow using the rainfall-river flow hydrological model Soil Moisture Accounting Procedure for the baseline and future climate (Representative Concentration Pathways 4.5 and 8.5 scenarios). In addition, by applying improved irrigation efficiency, a scenario was evaluated in comparison with field observed performance. The water-deficit index was used as a water availability performance indicator. Future climate projections by all five models resulted in increases in future reference evapotranspiration (2.3-6.3%) and irrigation water needs (2.8-16.7%) for all scenarios. Regarding rainfall projections, both positive (4.8-12.5%) and negative (− 2.3 to − 15.2%) signals were observed. Most models and scenarios project that annual river flow will decrease. Lower future water availability was detected by the less positive water-deficit index. Improved irrigation efficiency is a key measure for the adaptation to higher future levels of water demand, as climate change impacts could be compensated by gains in irrigation efficiency (water demand changes varying from − 1.7 to − 35.2%).
=592  \\$aPublisher supplied data
=593  \\$aPubAg article
=596  \\$aMP1$cEmbrapa
=596  \\$aAdapta$cCNPq
=650  \3$abasins
=650  \3$aclimate change
=650  \3$aclimatic factors
=650  \3$aevapotranspiration
=650  \3$ahydrologic models
=650  \3$airrigation
=650  \3$airrigation water
=650  \3$arain
=650  \3$arivers
=650  \3$ascreening
=650  \3$asoil water
=650  \3$atemperature
=650  \3$awatersheds
=651  \3$aBrazil
=700  1\$aSilveira, Cleiton$eauthor$uUnilab, Campus da Liberdade, Avenida da Abolição, 3-Centro, Redenção, CE, CEP 62790-000, Brazil
=700  1\$ade Souza Filho, Francisco$eauthor$uDepartamento de Engenharia Hidráulica e Ambiental, Universidade Federal do Ceará, Bloco 713, 1.° Andar, Centro de Tecnologia, Fortaleza, CE, CEP 60451-970, Brazil
=700  1\$aVasconcelos, Francisco, Jr.$cJr.$eauthor$uDepartamento de Engenharia Hidráulica e Ambiental, Universidade Federal do Ceará, Bloco 713, 1.° Andar, Centro de Tecnologia, Fortaleza, CE, CEP 60451-970, Brazil
=700  1\$aCid, Daniel$eauthor$uDepartamento de Engenharia Hidráulica e Ambiental, Universidade Federal do Ceará, Bloco 713, 1.° Andar, Centro de Tecnologia, Fortaleza, CE, CEP 60451-970, Brazil
=773  0\$tEnvironmental earth sciences.$g2018 Aug., v. 77, no. 15 p.550-550$dSpringer Berlin Heidelberg$wJournal:J000001228$x1866-6280$7nnas
=787  1\$oislandora_article_repository
=787  1\$oproduct_pubag
=787  1\$o(Journal)J000001228
=856  40$uhttps://dx.doi.org/10.1007/s12665-018-7723-9$3Available from publisher's site
=912  \\$aArticle
=914  \\$aJournal:J000001228$b1866-6280$c77$d15$e550
=914  \\$fEnvironmental earth sciences
=916  \\$aBatch:2067
=917  \\$aissued
=918  2\$aSpringer$eprovider$5DNAL
=935  \\$aIND606072394$9ExL
=949  \\$a2018-09-25
=953  \\$a/data/metadata/incoming/springer/ftp_PUB_18-09-03_09-51-40.zip
=954  \\$afile:/data/metadata/staging/springer/12665-77-15.xml
=955  \\$a/data/metadata/staging/springer/
=961  \\$aUSDA/DA
=962  \\$aBatch:2067 reviewed on 2018-09-25T04:00:04Z
=974  \\$aagid:6072394
=983  \\$a2018-09-04
=984  \\$a2018-09-25

