=LDR  05855nab a2200901 u 4500
=001  9916029423707426
=005  20221214224421.0
=008  220811e201807\\xx\|||||o|||||||||||eng||
=016  7\$aIND605935599$2DNAL
=024  7\$a340692$2aris
=024  7\$a10113/5935599$2hdl
=024  7\$a10.2134/jeq2017.04.0161$2doi
=024  8\$ans13873
=035  \\$aagid:5935599-01nal_inst
=040  \\$aAGL$beng$cAGL
=100  1\$aNash, P. R.$eauthor$uUSDA‐ARS Cropping Systems and Water Quality Research, Columbia, MO, 65211
=245  10$aSimulated Soil Organic Carbon Responses to Crop Rotation, Tillage, and Climate Change in North Dakota
=300  \\$ap. 654-662.
=500  \\$aJOURNAL ARTICLE
=500  \\$aepub
=506  \\$aWorks produced by employees of the U.S. Government as part of their official duties are not copyrighted within the U.S. The content of this document is not copyrighted.
=520  \\$aUnderstanding how agricultural management and climate change affect soil organic carbon (SOC) stocks is particularly important for dryland agriculture regions that have been losing SOC over time due to fallow and tillage practices, and it can lead to development of agricultural practice(s) that reduce the impact of climate change on crop production. The objectives of this study were: (i) to simulate SOC dynamics in the top 30 cm of soil during a 20‐yr (1993-2012) field study using CQESTR, a process‐based C model; (ii) to predict the impact of changes in management, crop production, and climate change from 2013 to 2032; and (iii) to identify the best dryland cropping systems to maintain or increase SOC stocks under projected climate change in central North Dakota. Intensifying crop rotations was predicted to have a greater impact on SOC stocks than tillage (minimum tillage [MT], no‐till [NT]) during 2013 to 2032, as SOC was highly correlated to biomass input (r = 0.91, P = 0.00053). Converting from a MT spring wheat (SW, Triticum aestivum L.)-fallow rotation to a NT continuous SW rotation increased annualized biomass additions by 2.77 Mg ha⁻¹ (82%) and SOC by 0.22 Mg C ha⁻¹ yr⁻¹. Under the assumption that crop production will stay at the 1993 to 2012 average, climate change is predicted to have a minor impact on SOC (approximately −6.5%) relative to crop rotation management. The CQESTR model predicted that the addition of another SW or rye (Secale cereale L.) crop would have a greater effect on SOC stocks (0‐ to 30‐cm depth) than conversion from MT to NT or climate change from 2013 to 2032. CORE IDEAS: Improved estimates of SOC responses to management are needed in dryland regions. Soil organic C stocks were highly correlated to biomass input. Crop rotation was predicted to have a greater impact on SOC stocks than tillage. Anticipated climate change as of 2032 was predicted to have a minor impact on SOC stocks. Addition of another spring wheat or rye crop would increase SOC by 2032.
=592  \\$aPublisher supplied data
=593  \\$aPubAg article
=594  \\$aEmbargoed article
=595  \\$baallen$c2018-05-08$dmanager-lgarner$e2018-05-09
=596  \\$cUSDA‐ARS National Program Leaders
=596  \\$cUSDA‐ARS
=596  \\$cARS‐GRACEnet project
=593  \\$eARIS manuscript
=650  \3$aSecale cereale
=650  \3$aTriticum aestivum
=650  \3$aarid lands
=650  \3$abiomass
=650  \3$aclimate change
=650  \3$acrop production
=650  \3$acrop rotation
=650  \3$afallow
=650  \3$aminimum tillage
=650  \3$amodels
=650  \3$ano-tillage
=650  \3$arye
=650  \3$asoil
=650  \3$asoil organic carbon
=650  \3$aspring wheat
=651  \3$aNorth Dakota
=700  1\$aGollany, H. T.$eauthor$uUSDA‐ARS, Columbia Plateau Conservation Research Center, Adams, OR, 97810
=700  1\$aLiebig, M. A.$eauthor$uUSDA‐ARS, Northern Great Plains Research Laboratory, Mandan, ND, 58554
=700  1\$aHalvorson, J. J.$eauthor$uUSDA‐ARS, Northern Great Plains Research Laboratory, Mandan, ND, 58554
=700  1\$aArcher, D. W.$eauthor$uUSDA‐ARS, Northern Great Plains Research Laboratory, Mandan, ND, 58554
=700  1\$aTanaka, D. L.$eauthor$uUSDA‐ARS, Northern Great Plains Research Laboratory, Mandan, ND, 58554
=773  0\$tJournal of environmental quality.$g2018 July, v. 47, no. 4 p.654-662$dThe American Society of Agronomy, Crop Science Society of America, and Soil Science Society of America, Inc.$wJournal:jnl1642$x0047-2425$7nnas
=787  1\$oislandora_article_repository
=787  1\$oproduct_pubag
=787  1\$o(Journal)jnl1642
=856  40$uhttps://handle.nal.usda.gov/10113/5935599$3Available in the National Agricultural Library PubAg search system
=856  40$uhttps://dx.doi.org/10.2134/jeq2017.04.0161$3Available from publisher's site
=912  \\$aArticle
=914  \\$aJournal:jnl1642
=914  \\$fJournal of environmental quality
=916  \\$aBatch:1990
=917  \\$aissued
=918  2\$aJohn Wiley & Sons, Inc$eprovider$5DNAL
=935  \\$aIND605935599$9ExL
=949  \\$a2019-10-28
=953  \\$a/data/metadata/incoming/wiley/00472425_2018_47_4.xml
=954  \\$afile:/data/metadata/staging/wiley/00472425_2018_47_4.xml
=955  \\$a/data/metadata/staging/wiley/
=956  \\$aARIS submission$bhttps://submit.nal.usda.gov/system/files/submissions/Simulated%20soil%20organic%20carbon%20responses%20to%20crop%20rotation%2C%20tillage%2C%20and%20climate%20change%20in%20North%20Dakota.pdf
=961  \\$aUSDA/ARS
=962  \\$aUSDA Scientist Submission
=962  \\$aUSDA Scientist Submission, eISSN 1537-2537
=962  \\$aBatch:1990 reviewed on 2018-06-15T14:07:06Z
=962  \\$aBatch:1990 reviewed on 2018-07-18T10:00:03Z
=974  \\$aagid:5935599
=983  \\$a2022-08-11
=984  \\$a2022-08-11
=986  \\$ans13873

