=LDR  05506nab a2200925 u 4500
=001  9916029424807426
=005  20221214224418.0
=008  220811e201807\\xx\|||||o|||||||||||eng||
=016  7\$aIND605935598$2DNAL
=024  7\$a343659$2aris
=024  7\$a10113/5935598$2hdl
=024  7\$a10.2134/jeq2017.07.0273$2doi
=024  8\$ans13871
=035  \\$aagid:5935598-01nal_inst
=040  \\$aAGL$beng$cAGL
=100  1\$aNash, P. R.$eauthor$uUSDA‐ARS, Cropping Systems and Water Quality Research Unit, Columbia, MO, 65211
=245  10$aCQESTR‐Simulated Response of Soil Organic Carbon to Management, Yield, and Climate Change in the Northern Great Plains Region
=300  \\$ap. 674-683.
=500  \\$aJOURNAL ARTICLE
=500  \\$aepub
=506  \\$aWorks produced by employees of the U.S. Government as part of their official duties are not copyrighted within the U.S. The content of this document is not copyrighted.
=520  \\$aTraditional dryland crop management includes fallow and intensive tillage, which have reduced soil organic carbon (SOC) over the past century, raising concerns regarding soil health and sustainability. The objectives of this study were: (i) to use CQESTR, a process‐based C model, to simulate SOC dynamics from 2006 to 2011 and to predict relative SOC trends in cropping sequences that included barley (Hordeum vulgare L.), pea (Pisum sativum L.), and fallow under conventional tillage or no‐till, and N fertilization rates through 2045; and (ii) to identify best dryland cropping systems to increase SOC and reduce CO₂ emissions under projected climate change in eastern Montana. Cropping sequences were conventional‐till barley-fallow (CTB‐F), no‐till barley-fallow (NTB‐F), no‐till continuous barley (NTCB), and no‐till barley-pea (NTB‐P), with 0 and 80 kg N ha⁻¹ applied to barley. Under current crop production, climatic conditions, and averaged N rates, SOC at the 0‐ to 10‐cm depth was predicted to increase by 1.74, 1.79, 2.96, and 4.57 Mg C ha⁻¹ by 2045 for CTB‐F, NTB‐F, NTB‐P, and NTCB, respectively. When projected climate change and the current positive US barley yield trend were accounted for in the simulations, SOC accretion was projected to increase by 0.69 to 0.92 Mg C ha⁻¹ and 0.41 to 0.47 Mg C ha⁻¹, respectively. According to the model simulations, adoption of NT, elimination of fallow years, and N fertilizer management will likely have the greatest impact on SOC stocks in the top soil as of 2045 in the Northern Great Plains. CORE IDEAS: Estimates of management impact on SOC are needed for the Northern Great Plains region. CQESTR simulated measured SOC well, even with high temporal and spatial variability. Continuous cropping and anticipated climate change increased SOC stocks through 2045. Maintaining barley yield was predicted to reverse the trend in SOC loss through 2045.
=592  \\$aPublisher supplied data
=593  \\$aPubAg article
=594  \\$aEmbargoed article
=595  \\$baallen$c2018-05-08$dmanager-lgarner$e2018-05-09
=596  \\$cUSDA‐ARS
=596  \\$cARS GRACEnet Project
=593  \\$eARIS manuscript
=650  \3$aHordeum vulgare
=650  \3$aPisum sativum
=650  \3$aarid lands
=650  \3$abarley
=650  \3$acarbon dioxide
=650  \3$aclimate change
=650  \3$aclimatic factors
=650  \3$aconventional tillage
=650  \3$acropping sequence
=650  \3$afallow
=650  \3$afertilizer rates
=650  \3$agrain yield
=650  \3$agreenhouse gas emissions
=650  \3$anitrogen fertilizers
=650  \3$ano-tillage
=650  \3$apeas
=650  \3$asimulation models
=650  \3$asoil organic carbon
=650  \3$asoil quality
=650  \3$atopsoil
=651  \3$aGreat Plains region
=651  \3$aMontana
=700  1\$aGollany, H. T.$eauthor$uUSDA‐ARS, 48037 Tubbs Ranch Rd., Adams, OR, 97810
=700  1\$aSainju, U. M.$eauthor$uUSDA‐ARS, Northern Plains Agricultural Research Laboratory, 1500 N. Central Ave., Sidney, MT, 59270
=773  0\$tJournal of environmental quality.$g2018 July, v. 47, no. 4 p.674-683$dThe American Society of Agronomy, Crop Science Society of America, and Soil Science Society of America, Inc.$wJournal:jnl1642$x0047-2425$7nnas
=787  1\$oislandora_article_repository
=787  1\$oproduct_pubag
=787  1\$o(Journal)jnl1642
=856  40$uhttps://handle.nal.usda.gov/10113/5935598$3Available in the National Agricultural Library PubAg search system
=856  40$uhttps://dx.doi.org/10.2134/jeq2017.07.0273$3Available from publisher's site
=912  \\$aArticle
=914  \\$aJournal:jnl1642
=914  \\$fJournal of environmental quality
=916  \\$aBatch:1990
=917  \\$aissued
=918  2\$aJohn Wiley & Sons, Inc$eprovider$5DNAL
=935  \\$aIND605935598$9ExL
=949  \\$a2019-10-28
=953  \\$a/data/metadata/incoming/wiley/00472425_2018_47_4.xml
=954  \\$afile:/data/metadata/staging/wiley/00472425_2018_47_4.xml
=955  \\$a/data/metadata/staging/wiley/
=956  \\$aARIS submission$bhttps://submit.nal.usda.gov/system/files/submissions/422.pdf
=961  \\$aUSDA/ARS
=962  \\$aUSDA Scientist Submission
=962  \\$aUSDA Scientist Submission, eISSN 1537-2537
=962  \\$aBatch:1990 reviewed on 2018-06-15T14:07:06Z
=962  \\$aBatch:1990 reviewed on 2018-07-18T10:00:03Z
=974  \\$aagid:5935598
=983  \\$a2022-08-11
=984  \\$a2022-08-11
=986  \\$ans13871

