=LDR  06605nab a2200997 u 4500
=001  9916029609707426
=005  20221214224358.0
=008  220811e201807\\xx\|||||o|||||||||||eng||
=016  7\$aIND605935600$2DNAL
=024  7\$a334843$2aris
=024  7\$a10113/5935600$2hdl
=024  7\$a10.2134/jeq2017.05.0190$2doi
=024  8\$ans13875
=024  8\$ans14442
=035  \\$aagid:5935600-01nal_inst
=040  \\$aAGL$beng$cAGL
=100  1\$aNash, P. R.$eauthor$uUSDA‐ARS Cropping Systems and Water Quality Research, Columbia, MO, 65211
=245  10$aSimulated Soil Organic Carbon Response to Tillage, Yield, and Climate Change in the Southeastern Coastal Plains
=300  \\$ap. 663-673.
=500  \\$aJOURNAL ARTICLE
=500  \\$aepub
=506  \\$aWorks produced by employees of the U.S. Government as part of their official duties are not copyrighted within the U.S. The content of this document is not copyrighted.
=520  \\$aIntensive tillage, low‐residue crops, and a warm, humid climate have contributed to soil organic carbon (SOC) loss in the southeastern Coastal Plains region. Conservation (CnT) tillage and winter cover cropping are current management practices to rebuild SOC; however, there is sparse long‐term field data showing how these management practices perform under variable climate conditions. The objectives of this study were to use CQESTR, a process‐based C model, to simulate SOC in the top 15 cm of a loamy sand soil (fine‐loamy, kaolinitic, thermic Typic Kandiudult) under conventional (CvT) or CnT tillage to elucidate the impact of projected climate change and crop yields on SOC relative to management and recommend the best agriculture management to increase SOC. Conservation tillage was predicted to increase SOC by 0.10 to 0.64 Mg C ha⁻¹ for six of eight crop rotations compared with CvT by 2033. The addition of a winter crop [rye (Secale cereale L.) or winter wheat (Triticum aestivum L.)] to a corn (Zea mays L.)-cotton (Gossypium hirsutum L.) or corn-soybean [Glycine max (L.) Merr.] rotation increased SOC by 1.47 to 2.55 Mg C ha⁻¹. A continued increase in crop yields following historical trends could increase SOC by 0.28 Mg C ha⁻¹, whereas climate change is unlikely to have a significant impact on SOC except in the corn-cotton or corn-soybean rotations where SOC decreased up to 0.15 Mg C ha⁻¹ by 2033. The adoption of CnT and cover crop management with high‐residue‐producing corn will likely increase SOC accretion in loamy sand soils. Simulation results indicate that soil C saturation may be reached in high‐residue rotations, and increasing SOC deeper in the soil profile will be required for long‐term SOC accretion beyond 2030. CORE IDEAS: High‐residue crop rotation in conservation tillage maximized SOC accumulation. Cover crop and conservation tillage management would likely optimize SOC accretion. Anticipated climate change was predicted to have a minimal impact on SOC by 2033. Sorghum was not a viable option to replace corn in rotation for SOC accretion. Alternative management was required for deep SOC accretion beyond 2033.
=592  \\$aPublisher supplied data
=593  \\$aPubAg article
=594  \\$aEmbargoed article
=595  \\$baallen$c2018-05-08$dmanager-lgarner$e2018-05-09
=596  \\$cUSDA‐ARS National Program Leaders
=596  \\$cUSDA‐ARS
=596  \\$cARS‐GRACEnet project
=593  \\$eARIS manuscript
=650  \3$aGlycine max
=650  \3$aGossypium hirsutum
=650  \3$aKandiudults
=650  \3$aSecale cereale
=650  \3$aTriticum aestivum
=650  \3$aZea mays
=650  \3$aclimate change
=650  \3$aconservation tillage
=650  \3$aconventional tillage
=650  \3$acorn
=650  \3$acover crops
=650  \3$acrop rotation
=650  \3$acrop yield
=650  \3$ahumid zones
=650  \3$aloamy sand soils
=650  \3$amodels
=650  \3$arye
=650  \3$asoil organic carbon
=650  \3$asoil profiles
=650  \3$awinter
=650  \3$awinter wheat
=700  1\$aGollany, H. T.$eauthor$uUSDA‐ARS, Columbia Plateau Conservation Research Center, Adams, OR, 97810
=700  1\$aNovak, J. M.$eauthor$uUSDA‐ARS, Costal Plains Research Center, Florence, SC, 29501
=700  1\$aBauer, P. J.$eauthor$uUSDA‐ARS, Costal Plains Research Center, Florence, SC, 29501
=700  1\$aHunt, P. G.$eauthor$uUSDA‐ARS, Costal Plains Research Center, Florence, SC, 29501
=700  1\$aKarlen, D. L.$eauthor$uUSDA‐ARS, National Laboratory for Agriculture and the Environment, Ames, IA, 50011
=773  0\$tJournal of environmental quality.$g2018 July, v. 47, no. 4 p.663-673$dThe American Society of Agronomy, Crop Science Society of America, and Soil Science Society of America, Inc.$wJournal:jnl1642$x0047-2425$7nnas
=787  1\$oislandora_article_repository
=787  1\$oproduct_pubag
=787  1\$o(Journal)jnl1642
=856  40$uhttps://handle.nal.usda.gov/10113/5935600$3Available in the National Agricultural Library PubAg search system
=856  40$uhttps://dx.doi.org/10.2134/jeq2017.05.0190$3Available from publisher's site
=912  \\$aArticle
=914  \\$aJournal:jnl1642
=914  \\$fJournal of environmental quality
=916  \\$aBatch:1990
=917  \\$aissued
=918  2\$aJohn Wiley & Sons, Inc$eprovider$5DNAL
=935  \\$aIND605935600$9ExL
=949  \\$a2019-10-28
=953  \\$a/data/metadata/incoming/wiley/00472425_2018_47_4.xml
=954  \\$afile:/data/metadata/staging/wiley/00472425_2018_47_4.xml
=955  \\$a/data/metadata/staging/wiley/
=956  \\$aARIS submission$bhttps://submit.nal.usda.gov/system/files/submissions/Simulated%20soil%20organic%20carbon%20response%20to%20tillage%2C%20yield%20and%20climate%20change%20in%20the%20Southeastern%20Coastal%20Plains.pdf
=956  \\$aARIS submission$bhttps://submit.nal.usda.gov/system/files/submissions/Simulated%20soil%20organic%20carbon%20response%20to%20tillage%2C%20yield%2C%20and%20climate%20change%20in%20the%20southeastern%20Coastal%20Plains.pdf
=956  \\$aARIS submission$bhttps://submit.nal.usda.gov/system/files/submissions/234.%20Simulated%20SOC%20response%20to%20tillage%2C%20yield%20%26%20climate%20change.pdf
=961  \\$aUSDA/ARS
=962  \\$aUSDA Scientist Submission
=962  \\$aUSDA Scientist Submission, eISSN 1537-2537
=962  \\$aBatch:1990 reviewed on 2018-06-15T14:07:06Z
=962  \\$aBatch:1990 reviewed on 2018-07-18T10:00:03Z
=974  \\$aagid:5935600
=983  \\$a2022-08-11
=984  \\$a2022-08-11
=986  \\$ans14442

