=LDR  05816nab a2200877 u 4500
=001  9916029619107426
=005  20221214224409.0
=008  220811e201807\\xx\|||||o|||||||||||eng||
=016  7\$aIND605935602$2DNAL
=024  7\$a344928$2aris
=024  7\$a10113/5935602$2hdl
=024  7\$a10.2134/jeq2017.09.0374$2doi
=024  8\$ans14007
=035  \\$aagid:5935602-01nal_inst
=040  \\$aAGL$beng$cAGL
=100  1\$aGollany, Hero T.$eauthor$uUSDA Agricultural Research Service, Columbia Plateau Conservation Research Center, 48037 Tubbs Ranch Rd., Adams, OR, 97810
=245  10$aSimulating Soil Organic Carbon Responses to Cropping Intensity, Tillage, and Climate Change in Pacific Northwest Dryland
=300  \\$ap. 625-634.
=500  \\$aJOURNAL ARTICLE
=500  \\$aepub
=506  \\$aWorks produced by employees of the U.S. Government as part of their official duties are not copyrighted within the U.S. The content of this document is not copyrighted.
=520  \\$aManaging dryland cropping systems to increase soil organic C (SOC) under changing climate is challenging after decades of winter wheat (Triticum aestivum L.)-fallow and moldboard plow tillage (W-F/MP). The objective was to use CQESTR, a process‐based C model, and SOC data collected in 2004, 2008, and 2012 to predict the best management to increase SOC under changing climate in four cropping systems, which included continuous wheat under no tillage (W-W/NT), wheat and sorghum × sudangrass [Sorghum bicolor (L.) Moench. × Sorghum sudanese L.] under no tillage, wheat-fallow under sweep tillage, and W-F/MP. Since future yields and climate are uncertain, 20 scenarios for each cropping system were simulated with four climate projections and five crop yield scenarios (current crop yields, and 10 or 30% greater or lesser yields). Measured and simulated SOC were significantly (p < 0.0001) correlated (r = 0.98) at all soil depths. Predicted SOC changes ranged from −12.03 to 2.56 Mg C ha⁻¹ in the 1‐m soil depth for W-F/MP and W-W/NT, respectively, during the 2012 to 2052 predictive period. Only W-W/NT sequestered SOC at a rate of 0.06 Mg C ha⁻¹ yr⁻¹ under current crop yields and climate. Under climate change and yield scenarios, W-W/NT lost SOC except with a 30% wheat yield increase for 40 yr. Predicted SOC increases in W-W/NT were 0.71, 1.16, and 0.88 Mg C ha⁻¹ under the Oregon Climate Assessment Reports for low emissions and high emissions and the Regional Climate Model version 3 with boundary conditions from the Third Generation Coupled Global Climate Model, respectively, with 30% yield increases. Continuous no‐till cropping would increase SOC and improve soil health and resiliency to lessen the impact of extreme weather. CORE IDEAS: Measured and CQESTR‐simulated SOC were significantly correlated at all soil depths. Continuous wheat with no tillage increased SOC unless yield was reduced by 30% or more. Wheat yield increase is needed to maintain SOC in continuous wheat under climate change. Dryland cropping systems will have SOC losses unless yield and biomass input is increased. Soil organic C loss rates increased with tillage intensity and increased fallow period.
=592  \\$aPublisher supplied data
=593  \\$aPubAg article
=594  \\$aEmbargoed article
=595  \\$bksichelman$c2018-05-08$dmanager-lgarner$e2018-05-09
=596  \\$cUSDA‐ARS
=596  \\$cARS‐GRACEnet
=593  \\$eARIS manuscript
=650  \3$aSorghum bicolor subsp. drummondii
=650  \3$aTriticum aestivum
=650  \3$aarid lands
=650  \3$aclimate
=650  \3$aclimate change
=650  \3$aclimate models
=650  \3$acropping systems
=650  \3$adata collection
=650  \3$aemissions
=650  \3$aenvironmental assessment
=650  \3$agrain yield
=650  \3$ano-tillage
=650  \3$aplows
=650  \3$asoil depth
=650  \3$asoil organic carbon
=650  \3$asoil quality
=650  \3$aweather
=650  \3$awinter wheat
=651  \3$aOregon
=700  1\$aPolumsky, Robert W.$eauthor$uUSDA Agricultural Research Service, Columbia Plateau Conservation Research Center, 48037 Tubbs Ranch Rd., Adams, OR, 97810
=773  0\$tJournal of environmental quality.$g2018 July, v. 47, no. 4 p.625-634$dThe American Society of Agronomy, Crop Science Society of America, and Soil Science Society of America, Inc.$wJournal:jnl1642$x0047-2425$7nnas
=787  1\$oislandora_article_repository
=787  1\$oproduct_pubag
=787  1\$o(Journal)jnl1642
=856  40$uhttps://handle.nal.usda.gov/10113/5935602$3Available in the National Agricultural Library PubAg search system
=856  40$uhttps://dx.doi.org/10.2134/jeq2017.09.0374$3Available from publisher's site
=912  \\$aArticle
=914  \\$aJournal:jnl1642$e1
=914  \\$fJournal of environmental quality
=916  \\$aBatch:1990
=917  \\$aissued
=918  2\$aJohn Wiley & Sons, Inc$eprovider$5DNAL
=935  \\$aIND605935602$9ExL
=949  \\$a2019-10-28
=953  \\$a/data/metadata/incoming/wiley/00472425_2018_47_4.xml
=954  \\$afile:/data/metadata/staging/wiley/00472425_2018_47_4.xml
=955  \\$a/data/metadata/staging/wiley/
=956  \\$aARIS submission$bhttps://submit.nal.usda.gov/system/files/submissions/Simulating%20soil%20organic%20carbon%20responses%20to%20cropping%20intensity%2C%20tillage%2C%20and%20climate%20change%20in%20pacific%20northwest%20dryland.pdf
=961  \\$aUSDA/RD
=962  \\$aUSDA Scientist Submission
=962  \\$aUSDA Scientist Submission, eISSN 1537-2537
=962  \\$aBatch:1990 reviewed on 2018-06-15T14:07:06Z
=962  \\$aBatch:1990 reviewed on 2018-07-18T10:00:03Z
=974  \\$aagid:5935602
=983  \\$a2022-08-11
=984  \\$a2022-08-11
=986  \\$ans14007

