=LDR  04542nab a2200745 u 4500
=001  9916030706507426
=005  20221215143557.0
=008  220901e201812\\xx\|||||o|||||||||||eng||
=016  7\$aIND607330912$2DNAL
=024  7\$a10113/7330912$2hdl
=024  7\$a10.1016/j.neunet.2018.08.004$2doi
=024  7\$a10.1016/j.neunet.2018.08.004$2chorus
=035  \\$aagid:7330912-01nal_inst
=040  \\$aAGL$beng$cAGL
=100  1\$aSchmidt, Andres$eauthor$uRWTH Aachen University, Department of Geography, 52062 Aachen, Germany
=245  10$aEstimating regional effects of climate change and altered land use on biosphere carbon fluxes using distributed time delay neural networks with Bayesian regularized learning
=300  \\$ap. 97-113.
=506  \\$aResource is Open Access$uhttp://purl.org/eprint/accessRights/OpenAccess
=506  \\$aCHORUS License Information
=506  \\$aResource is Open Access
=506  \\$aElsevier BV License Information
=520  \\$aThe ability to accurately predict changes of the carbon and energy balance on a regional scale is of great importance for assessing the effect of land use changes on carbon sequestration under future climate conditions. Here, a suite of land cover-specific Distributed Time Delay Neural Networks with a parameter adoption algorithm optimized through Bayesian regularization was used to model the statewide atmospheric exchange of CO(2), water vapor, and energy in Oregon with its strong spatial gradients of climate and land cover. The network models were trained with eddy covariance data from 9 atmospheric flux towers. Compared to results derived with more common regression networks utilizing non-delayed input vectors, the performance of the DTDNN models was significantly improved with an average increase of the coefficients of determination of 64%. The optimized models were applied in combination with downscaled climate projections of the CMIP5 project to calculate future changes in the cycle of carbon, associated with a prescribed conversion of conventional grass-crops to hybrid poplar plantations for biofuel production in Oregon. The results show that under future RCP8.5 climate conditions the total statewide NEP increases by 0.87 TgC per decade until 2050 without any land use changes. With all non-forage grass completely converted to hybrid poplar the NEP averages 32.9 TgC in 2046-2050, an increase of 9%. Through comparisons with the results of a Bayesians inversion study, the results presented demonstrate that DTDNN models are a specifically well-suited approach to use the available data from flux networks to assess changes in biosphere-atmosphere exchange triggered by massive land use conversion superimposed on a changing climate.
=592  \\$aPublisher supplied data
=593  \\$aPubAg article
=596  \\$cNational Institute of Food and Agriculture
=596  \\$cOffice of Science
=596  \\$cUSDOE
=506  0\$fUnrestricted online access$2star
=650  \3$aBayesian theory
=650  \3$aOregon
=650  \3$aPopulus
=650  \3$aalgorithms
=650  \3$abiosphere
=650  \3$acarbon
=650  \3$acarbon sequestration
=650  \3$aclimate change
=650  \3$aeddy covariance
=650  \3$aenergy balance
=650  \3$afuel production
=650  \3$agrasses
=650  \3$aland cover
=650  \3$aland use change
=650  \3$awater vapor
=700  1\$aCreason, Whitney$eauthor$uOregon State University, Department of Forest Ecosystems and Society, Corvallis, OR 97331, USA
=700  1\$aLaw, Beverly E.$eauthor$uOregon State University, Department of Forest Ecosystems and Society, Corvallis, OR 97331, USA
=773  0\$tNeural Networks.$g2018 Dec., v. 108 p.97-113$dElsevier BV$wJournal:3765$x0893-6080$7nnas
=787  1\$oislandora_article_repository
=787  1\$oproduct_pubag
=787  1\$o(Journal)3765
=856  40$uhttp://dx.doi.org/10.1016/j.neunet.2018.08.004$3Available from publisher's site
=912  \\$aArticle
=914  \\$aJournal:3765$c108$e97
=914  \\$fNeural Networks
=917  \\$aissued
=918  2\$aCHORUS$eprovider$5DNAL
=935  \\$aIND607330912$9ExL
=949  \\$a2022-05-11
=952  \\$dNAL-AP-2-clean
=955  \\$a/data/metadata/staging/chorus
=961  \\$aUSDA
=962  \\$aUSDA Scientist Submission; eISSN 1879-2782
=974  \\$aagid:7330912
=983  \\$a2022-09-01T12:43:51-04:00
=984  \\$a2022-10-04
=985  \\$aXML source generated via Python using CHORUS API JSON data; converted to MODS with chorus_to_mods.xsl

