=LDR  04225nab a2200829 u 4500
=001  9916032157807426
=005  20100208070030.0
=008  100115e20100205xx\|||||o|||||||||||eng||
=016  7\$aIND44313648$2DNAL
=024  7\$a10.1016/j.foreco.2009.08.021$2doi
=024  7\$a10113/38215$2hdl
=035  \\$aagid:38215-01nal_inst
=040  \\$aAGL$beng$cAGL
=072  \0$aK200
=072  \0$aB200
=072  \0$aF300
=072  \0$aX100
=100  1\$aHanewinkel, Marc
=245  10$aModelling and economic evaluation of forest biome shifts under climate change in Southwest Germany
=300  \\$ap. 710-719.
=500  \\$aIncludes references
=500  \\$a2019-12-05
=520  \\$aWe evaluated the economic effects of a predicted shift from Norway spruce (Picea abies (Karst) to European beech (Fagus sylvatica (L) for a forest area of 1.3 millionha in southwest Germany. The shift was modelled with a generalised linear model (GLM) by using presence/absence data from the National Forest Inventory in Baden-Württemberg, a digital elevation model, and regionalised climate parameters from the period 1970 to 2000. Two scenarios from the International Panel on Climate Change (IPCC) (B1, A2) for three different time scales (2030, 2065, and 2100) were investigated. The GLM predicted a decrease of the suitable area for growing Norway spruce between 21% (B1, 2030) and 93% (A2, 2100) in comparison to 2000. This corresponds to a reduction in the potential area of Norway spruce from between 190,000 and 860,000ha. The financial effect of this reduction in area was then evaluated by using a classical Faustmann approach, namely the land expectation value (LEV) as an economic parameter for forests of Norway spruce versus European beech. Underlying cash flows were derived from a distance dependent, single-tree growth simulator (SILVA) based on data for prices and costs of the year 2004. With an interest rate of r =2%, the predicted loss in the potential area of Norway spruce is related to a decrease of the LEV between 690 million and 3.1 billion Euro. We discuss the sensitivity of these results to changing interest rates, risk levels, and rotation lengths. Results suggest that managing forestland for profitability will be increasingly difficult under both climate scenarios.
=593  \\$aPubAg article
=593  \\$cUSDA submission
=650  \3$atimber management
=650  \3$acosts and returns
=650  \3$aspatial distribution
=650  \3$aglobal warming
=650  \3$asilvicultural practices
=650  \3$adeciduous forests
=650  \3$aconiferous forests
=650  \3$aPicea abies
=650  \3$arisk assessment
=650  \3$aforest ecosystems
=650  \3$aforest economics
=650  \3$asimulation models
=650  \3$aforest trees
=650  \3$aequations
=650  \3$aclimatic factors
=650  \3$aFagus sylvatica
=650  \3$aforest succession
=650  \3$agrowth models
=650  \3$astand management
=651  \3$aGermany
=653  \0$aforest rotation length
=653  \0$aeconomic analysis
=700  1\$aHummel, Susan
=700  1\$aCullmann, Dominik A.
=773  0\$tForest ecology and management.$g2010 Feb. 5, v.  259, no.  4 p.710-719$dElsevier Science$x0378-1127$7nnas
=787  1\$oproduct_pubag
=787  1\$oislandora_article_repository
=787  1\$oislandora_pubag_with_text
=787  1\$o(Journal)jnl9013
=852  \\$aDNAL
=856  40$uhttps://handle.nal.usda.gov/10113/38215$3Available in the National Agricultural Library PubAg search system
=856  40$uhttp://dx.doi.org/10.1016/j.foreco.2009.08.021$3Available from publisher's Web site
=912  \\$aArticle
=914  \\$aJournal:jnl9013$b0378-1127$c259$d4$e710
=914  \\$fForest ecology and management
=917  \\$aissued
=930  \\$a20100125$b20100205$c00000000
=935  \\$aIND44313648$9ExL
=945  \\$aIND$dLYN$e2010/01/25
=946  \\$aNon-US
=949  \\$a2016-09-13
=952  \\$a20100125 20100205 00000000$bIND LYN 2010/01/25
=961  \\$aUSDA/FS
=974  \\$aagid:38215
=984  \\$a2010-02-08
=985  \\$aConverted from MARCXML to MODS version 3.4 using MARC21slim2MODS3-4.xsl (Revision 1.95 2014/04/23)
=986  \\$a4313648

